%
@article{ren2015faster,
  title={Faster r-cnn: Towards real-time object detection with region proposal networks},
  author={Ren, Shaoqing and He, Kaiming and Girshick, Ross and Sun, Jian},
  journal={Advances in neural information processing systems},
  volume={28},
  pages={91--99},
  year={2015}
}

%
@inproceedings{karlinsky2019repmet,
  title={Repmet: Representative-based metric learning for classification and few-shot object detection},
  author={Karlinsky, Leonid and Shtok, Joseph and Harary, Sivan and Schwartz, Eli and Aides, Amit and Feris, Rogerio and Giryes, Raja and Bronstein, Alex M},
  booktitle={Proceedings of the IEEE/CVF Conference on Computer Vision and Pattern Recognition},
  pages={5197--5206},
  year={2019}
}

%
@inproceedings{fan2020few,
  title={Few-shot object detection with attention-RPN and multi-relation detector},
  author={Fan, Qi and Zhuo, Wei and Tang, Chi-Keung and Tai, Yu-Wing},
  booktitle={Proceedings of the IEEE/CVF Conference on Computer Vision and Pattern Recognition},
  pages={4013--4022},
  year={2020}
}

%
@inproceedings{kang2019few,
  title={Few-shot object detection via feature reweighting},
  author={Kang, Bingyi and Liu, Zhuang and Wang, Xin and Yu, Fisher and Feng, Jiashi and Darrell, Trevor},
  booktitle={Proceedings of the IEEE/CVF International Conference on Computer Vision},
  pages={8420--8429},
  year={2019}
}

@inproceedings{wu2020meta,
  title={Meta-rcnn: Meta learning for few-shot object detection},
  author={Wu, Xiongwei and Sahoo, Doyen and Hoi, Steven},
  booktitle={Proceedings of the 28th ACM International Conference on Multimedia},
  pages={1679--1687},
  year={2020}
}

%
@inproceedings{snell2017prototypical,
 author = {Snell, Jake and Swersky, Kevin and Zemel, Richard},
 booktitle = {Advances in Neural Information Processing Systems},
 editor = {I. Guyon and U. V. Luxburg and S. Bengio and H. Wallach and R. Fergus and S. Vishwanathan and R. Garnett},
 pages = {},
 title = {Prototypical Networks for Few-shot Learning},
 volume = {30},
 year = {2017}
}

%
@inproceedings{girshick2014rich,
  title     = {Rich feature hierarchies for accurate object detection and semantic segmentation},
  author    = {Girshick, Ross and Donahue, Jeff and Darrell, Trevor and Malik, Jitendra},
  booktitle = {Proceedings of the IEEE conference on computer vision and pattern recognition},
  pages     = {580--587},
  year      = {2014}
}

%
@inproceedings{girshick2015fast,
  title={Fast r-cnn},
  author={Girshick, Ross},
  booktitle={Proceedings of the IEEE international conference on computer vision},
  pages={1440--1448},
  year={2015}
}


%
@inproceedings{lin2017feature,
  title={Feature pyramid networks for object detection},
  author={Lin, Tsung-Yi and Doll{\'a}r, Piotr and Girshick, Ross and He, Kaiming and Hariharan, Bharath and Belongie, Serge},
  booktitle={Proceedings of the IEEE conference on computer vision and pattern recognition},
  pages={2117--2125},
  year={2017}
}

@inproceedings{carion2020end,
  title={End-to-end object detection with transformers},
  author={Carion, Nicolas and Massa, Francisco and Synnaeve, Gabriel and Usunier, Nicolas and Kirillov, Alexander and Zagoruyko, Sergey},
  booktitle={European Conference on Computer Vision},
  pages={213--229},
  year={2020},
  organization={Springer}
}

@inproceedings{tian2019fcos,
  title={Fcos: Fully convolutional one-stage object detection},
  author={Tian, Zhi and Shen, Chunhua and Chen, Hao and He, Tong},
  booktitle={Proceedings of the IEEE/CVF International Conference on Computer Vision},
  pages={9627--9636},
  year={2019}
}

%
@inproceedings{redmon2016you,
  title={You only look once: Unified, real-time object detection},
  author={Redmon, Joseph and Divvala, Santosh and Girshick, Ross and Farhadi, Ali},
  booktitle={Proceedings of the IEEE conference on computer vision and pattern recognition},
  pages={779--788},
  year={2016}
}

%
@inproceedings{chen2018lstd,
  title={Lstd: A low-shot transfer detector for object detection},
  author={Chen, Hao and Wang, Yali and Wang, Guoyou and Qiao, Yu},
  booktitle={Proceedings of the AAAI Conference on Artificial Intelligence},
  volume={32},
  number={1},
  year={2018}
}

%
@inproceedings{wang2020frustratingly,
    title={Frustratingly Simple Few-Shot Object Detection},
    author={Wang, Xin and Huang, Thomas E. and  Darrell, Trevor and Gonzalez, Joseph E and Yu, Fisher},
    booktitle = {International Conference on Machine Learning (ICML)},
    month = {7},
    year = {2020}
}

%
@ARTICLE{deng2020few,
  author={Li, Xiang and Deng, Jingyu and Fang, Yi},
  journal={IEEE Transactions on Geoscience and Remote Sensing}, 
  title={Few-Shot Object Detection on Remote Sensing Images}, 
  year={2021},
  volume={},
  number={},
  pages={1-14},
  doi={10.1109/TGRS.2021.3051383}}

%
@inproceedings{chen2020simple,
  title={A simple framework for contrastive learning of visual representations},
  author={Chen, Ting and Kornblith, Simon and Norouzi, Mohammad and Hinton, Geoffrey},
  booktitle={International conference on machine learning},
  pages={1597--1607},
  year={2020},
  organization={PMLR}
}

%
@inproceedings{sung2018learning,
  title={Learning to compare: Relation network for few-shot learning},
  author={Sung, Flood and Yang, Yongxin and Zhang, Li and Xiang, Tao and Torr, Philip HS and Hospedales, Timothy M},
  booktitle={Proceedings of the IEEE conference on computer vision and pattern recognition},
  pages={1199--1208},
  year={2018}
}

%
@inproceedings{vinyals2016matching,
 author = {Vinyals, Oriol and Blundell, Charles and Lillicrap, Timothy and kavukcuoglu, koray and Wierstra, Daan},
 booktitle = {Advances in Neural Information Processing Systems},
 editor = {D. Lee and M. Sugiyama and U. Luxburg and I. Guyon and R. Garnett},
 pages = {},
 title = {Matching Networks for One Shot Learning},
 volume = {29},
 year = {2016}
}


%
@inproceedings{ravi2016optimization,
  title={Optimization as a model for few-shot learning},
  author={Larochelle, S Ravi H},
  booktitle={5th International Conference on Learning Representations, ICLR 2017, Toulon, France, April 24-26, 2017, Conference Track Proceedings},
  year={2017}
}

%
@inproceedings{fan2020fsod,
  title={Few-Shot Object Detection with Attention-RPN and Multi-Relation Detector},
  author={Fan, Qi and Zhuo, Wei and Tang, Chi-Keung and Tai, Yu-Wing},
  booktitle={CVPR},
  year={2020}
}

%
@article{xiao2020fsod,
  title={Few-Shot Object Detection With Self-Adaptive Attention Network for Remote Sensing Images},
  author={Zixuan Xiao and Jiahao Qi and Wei Xue and P. Zhong},
  journal={IEEE Journal of Selected Topics in Applied Earth Observations and Remote Sensing},
  year={2021},
  volume={14},
  pages={4854-4865}
}

%
@misc{chung2014empirical,
      title={Empirical Evaluation of Gated Recurrent Neural Networks on Sequence Modeling}, 
      author={Junyoung Chung and Caglar Gulcehre and KyungHyun Cho and Yoshua Bengio},
      year={2014},
      eprint={1412.3555},
      archivePrefix={arXiv},
      primaryClass={cs.NE}
}

%
@inproceedings{kim2020few,
  title={Few-Shot Object Detection via Knowledge Transfer},
  author={Kim, Geonuk and Jung, Hong-Gyu and Lee, Seong-Whan},
  year={2020},
  booktitle={2020 IEEE International Conference on Systems, Man, and Cybernetics (SMC)},
  pages={3564--3569}
}

%
@inproceedings{pennington2014glove,
  title={Glove: Global vectors for word representation},
  author={Pennington, Jeffrey and Socher, Richard and Manning, Christopher D},
  booktitle={Proceedings of the 2014 conference on empirical methods in natural language processing (EMNLP)},
  pages={1532--1543}
}

%
@inproceedings{he2016deep,
  title={Deep residual learning for image recognition},
  author={He, Kaiming and Zhang, Xiangyu and Ren, Shaoqing and Sun, Jian},
  booktitle={Proceedings of the IEEE conference on computer vision and pattern recognition},
  pages={770--778},
  year={2016}
}


%
@inproceedings{caron2018deep,
  title={Deep clustering for unsupervised learning of visual features},
  author={Caron, Mathilde and Bojanowski, Piotr and Joulin, Armand and Douze, Matthijs},
  booktitle={Proceedings of the European Conference on Computer Vision (ECCV)},
  pages={132--149},
  year={2018}
}

%
@inproceedings{xia2018dota,
  title={DOTA: A large-scale dataset for object detection in aerial images},
  author={Xia, Gui-Song and Bai, Xiang and Ding, Jian and Zhu, Zhen and Belongie, Serge and Luo, Jiebo and Datcu, Mihai and Pelillo, Marcello and Zhang, Liangpei},
  booktitle={Proceedings of the IEEE Conference on Computer Vision and Pattern Recognition},
  pages={3974--3983},
  year={2018}
}

%
@article{cheng2016vhr,
  title={Learning rotation-invariant convolutional neural networks for object detection in VHR optical remote sensing images},
  author={Cheng, Gong and Zhou, Peicheng and Han, Junwei},
  journal={IEEE Transactions on Geoscience and Remote Sensing},
  volume={54},
  number={12},
  pages={7405--7415},
  year={2016},
  publisher={IEEE}
}

%
@inproceedings{hoffer2015deep,
  title={Deep metric learning using triplet network},
  author={Hoffer, Elad and Ailon, Nir},
  booktitle={International workshop on similarity-based pattern recognition},
  pages={84--92},
  year={2015},
  organization={Springer}
}

%
@article{everingham2010pascal,
  title={The pascal visual object classes (voc) challenge},
  author={Everingham, Mark and Van Gool, Luc and Williams, Christopher KI and Winn, John and Zisserman, Andrew},
  journal={International journal of computer vision},
  volume={88},
  number={2},
  pages={303--338},
  year={2010},
  publisher={Springer}
}

%
@inproceedings{he2017mask,
  title={Mask r-cnn},
  author={He, Kaiming and Gkioxari, Georgia and Doll{\'a}r, Piotr and Girshick, Ross},
  booktitle={Proceedings of the IEEE international conference on computer vision},
  pages={2961--2969},
  year={2017}
}

%
@inproceedings{yan2019meta,
  title={Meta r-cnn: Towards general solver for instance-level low-shot learning},
  author={Yan, Xiaopeng and Chen, Ziliang and Xu, Anni and Wang, Xiaoxi and Liang, Xiaodan and Lin, Liang},
  booktitle={Proceedings of the IEEE/CVF International Conference on Computer Vision},
  pages={9577--9586},
  year={2019}
}

%
@article{kirkpatrick2017overcoming,
  title={Overcoming catastrophic forgetting in neural networks},
  author={Kirkpatrick, James and Pascanu, Razvan and Rabinowitz, Neil and Veness, Joel and Desjardins, Guillaume and Rusu, Andrei A and Milan, Kieran and Quan, John and Ramalho, Tiago and Grabska-Barwinska, Agnieszka and others},
  journal={Proceedings of the national academy of sciences},
  volume={114},
  number={13},
  pages={3521--3526},
  year={2017},
  publisher={National Acad Sciences}
}

%
@inproceedings{finn2017model,
  title={Model-agnostic meta-learning for fast adaptation of deep networks},
  author={Finn, Chelsea and Abbeel, Pieter and Levine, Sergey},
  booktitle={International Conference on Machine Learning},
  pages={1126--1135},
  year={2017},
  organization={PMLR}
}

%
@article{bromley1993signature,
  title={Signature verification using a" siamese" time delay neural network},
  author={Bromley, Jane and Guyon, Isabelle and LeCun, Yann and S{\"a}ckinger, Eduard and Shah, Roopak},
  journal={Advances in neural information processing systems},
  volume={6},
  pages={737--744},
  year={1993}
}

%
@incollection{wallach2019one,
  title     = {One-Shot Object Detection with Co-Attention and Co-Excitation},
  author    = {Hsieh, Ting-I and Lo, Yi-Chen and Chen, Hwann-Tzong and Liu, Tyng-Luh},
  booktitle = {Advances in Neural Information Processing Systems 32},
  year      = {2019}
}

@article{li2020one,
  title   = {One-shot object detection without fine-tuning},
  author  = {Li, Xiang and Zhang, Lin and Chen, Yau Pun and Tai, Yu-Wing and Tang, Chi-Keung},
  journal = {arXiv preprint arXiv:2005.03819},
  year    = {2020}
}

@inproceedings{sun2021fsce,
  title     = {FSCE: Few-shot object detection via contrastive proposal encoding},
  author    = {Sun, Bo and Li, Banghuai and Cai, Shengcai and Yuan, Ye and Zhang, Chi},
  booktitle = {Proceedings of the IEEE/CVF Conference on Computer Vision and Pattern Recognition},
  pages     = {7352--7362},
  year      = {2021}
}

@inproceedings{jeune2021experience,
  author    = {Jeune, Pierre Le and Lebbah, Mustapha and Mokraoui, Anissa and Azzag, Hanene},
  booktitle = {2021 20th IEEE International Conference on Machine Learning and Applications (ICMLA)},
  title     = {Experience feedback using Representation Learning for Few-Shot Object Detection on Aerial Images},
  year      = {2021},
  volume    = {},
  number    = {},
  pages     = {662-667},
  doi       = {10.1109/ICMLA52953.2021.00110}
}

@inproceedings{wang2018non,
  title     = {Non-local neural networks},
  author    = {Wang, Xiaolong and Girshick, Ross and Gupta, Abhinav and He, Kaiming},
  booktitle = {Proceedings of the IEEE conference on computer vision and pattern recognition},
  pages     = {7794--7803},
  year      = {2018}
}

@inproceedings{vaswani2017attention,
  title     = {Attention is all you need},
  author    = {Vaswani, Ashish and Shazeer, Noam and Parmar, Niki and Uszkoreit, Jakob and Jones, Llion and Gomez, Aidan N and Kaiser, {\L}ukasz and Polosukhin, Illia},
  booktitle = {Advances in neural information processing systems},
  pages     = {5998--6008},
  year      = {2017}
}

@inproceedings{han2021meta,
  title     = {Meta r-cnn: Towards general solver for instance-level low-shot learning},
  author    = {Yan, Xiaopeng and Chen, Ziliang and Xu, Anni and Wang, Xiaoxi and Liang, Xiaodan and Lin, Liang},
  booktitle = {Proceedings of the IEEE/CVF International Conference on Computer Vision},
  pages     = {9577--9586},
  year      = {2019}
}

@article{liu2021dynamic,
  title   = {Dynamic Relevance Learning for Few-Shot Object Detection},
  author  = {Liu, Weijie and Li, Haohe and Yu, Shenghao and Chen, Song and Ye, Xulun and Wu, Jiafei and others},
  journal = {arXiv preprint arXiv:2108.02235},
  year    = {2021}
}

@inproceedings{xiao2020few,
  title        = {Few-shot object detection and viewpoint estimation for objects in the wild},
  author       = {Xiao, Yang and Marlet, Renaud},
  booktitle    = {European Conference on Computer Vision},
  pages        = {192--210},
  year         = {2020},
  organization = {Springer}
}

@article{gao2021fast,
  title     = {A Fast and Accurate Few-Shot Detector for Objects with Fewer Pixels in Drone Image},
  author    = {Gao, Yuxuan and Hou, Runmin and Gao, Qiang and Hou, Yuanlong},
  journal   = {Electronics},
  volume    = {10},
  number    = {7},
  pages     = {783},
  year      = {2021},
  publisher = {Multidisciplinary Digital Publishing Institute}
}

@article{zhang2021meta,
  author  = {Zhang, Gongjie and Luo, Zhipeng and Cui, Kaiwen and Lu, Shijian and Xing, Eric P.},
  journal = {IEEE Transactions on Pattern Analysis and Machine Intelligence},
  title   = {{Meta-DETR}: Image-Level Few-Shot Detection with Inter-Class Correlation Exploitation},
  year    = {2022},
  doi     = {10.1109/TPAMI.2022.3195735}
}

@article{chen2021should,
  author  = {Chen, Tung-I and Liu, Yueh-Cheng and Su, Hung-Ting and Chang, Yu-Cheng and Lin, Yu-Hsiang and Yeh, Jia-Fong and Chen, Wen-Chin and Hsu, Winston},
  journal = {IEEE Transactions on Multimedia},
  title   = {Dual-Awareness Attention for Few-Shot Object Detection},
  year    = {2021},
  volume  = {},
  number  = {},
  pages   = {1-1},
  doi     = {10.1109/TMM.2021.3125195}
}

@article{xu2021few,
  title     = {Few-Shot Object Detection via Sample Processing},
  author    = {Xu, Honghui and Wang, Xinqing and Shao, Faming and Duan, Baoguo and Zhang, Peng},
  journal   = {IEEE Access},
  volume    = {9},
  pages     = {29207--29221},
  year      = {2021},
  publisher = {IEEE}
}

@inproceedings{chu2021joint,
  author    = {Chu, Jinghui and Feng, Jiawei and Jing, Peiguang and Lu, Wei},
  booktitle = {2021 IEEE International Conference on Image Processing (ICIP)},
  title     = {Joint Co-Attention And Co-Reconstruction Representation Learning For One-Shot Object Detection},
  year      = {2021},
  volume    = {},
  number    = {},
  pages     = {2229-2233},
  doi       = {10.1109/ICIP42928.2021.9506387}
}

@inproceedings{zhang2021pnpdet,
  title     = {PNPDet: Efficient few-shot detection without forgetting via plug-and-play sub-networks},
  author    = {Zhang, Gongjie and Cui, Kaiwen and Wu, Rongliang and Lu, Shijian and Tian, Yonghong},
  booktitle = {Proceedings of the IEEE/CVF Winter Conference on Applications of Computer Vision},
  pages     = {3823--3832},
  year      = {2021}
}

@inproceedings{wu2021universal,
  title     = {Universal-Prototype Enhancing for Few-Shot Object Detection},
  author    = {Wu, Aming and Han, Yahong and Zhu, Linchao and Yang, Yi},
  booktitle = {Proceedings of the IEEE/CVF International Conference on Computer Vision},
  pages     = {9567--9576},
  year      = {2021}
}

@inproceedings{wu2020multi,
  title        = {Multi-scale positive sample refinement for few-shot object detection},
  author       = {Wu, Jiaxi and Liu, Songtao and Huang, Di and Wang, Yunhong},
  booktitle    = {European Conference on Computer Vision},
  pages        = {456--472},
  year         = {2020},
  organization = {Springer}
}

@inproceedings{fan2021generalized,
  title     = {Generalized Few-Shot Object Detection without Forgetting},
  author    = {Fan, Zhibo and Ma, Yuchen and Li, Zeming and Sun, Jian},
  booktitle = {Proceedings of the IEEE/CVF Conference on Computer Vision and Pattern Recognition},
  pages     = {4527--4536},
  year      = {2021}
}

@inproceedings{lin2017focal,
  title     = {Focal loss for dense object detection},
  author    = {Lin, Tsung-Yi and Goyal, Priya and Girshick, Ross and He, Kaiming and Doll{\'a}r, Piotr},
  booktitle = {Proceedings of the IEEE international conference on computer vision},
  pages     = {2980--2988},
  year      = {2017}
}

@inproceedings{law2018cornernet,
  title     = {Cornernet: Detecting objects as paired keypoints},
  author    = {Law, Hei and Deng, Jia},
  booktitle = {Proceedings of the European conference on computer vision (ECCV)},
  pages     = {734--750},
  year      = {2018}
}

@inproceedings{duan2019centernet,
  title     = {Centernet: Keypoint triplets for object detection},
  author    = {Duan, Kaiwen and Bai, Song and Xie, Lingxi and Qi, Honggang and Huang, Qingming and Tian, Qi},
  booktitle = {Proceedings of the IEEE/CVF International Conference on Computer Vision},
  pages     = {6569--6578},
  year      = {2019}
}

@inproceedings{dai2021dynamic,
  title     = {Dynamic Head: Unifying Object Detection Heads with Attentions},
  author    = {Dai, Xiyang and Chen, Yinpeng and Xiao, Bin and Chen, Dongdong and Liu, Mengchen and Yuan, Lu and Zhang, Lei},
  booktitle = {Proceedings of the IEEE/CVF Conference on Computer Vision and Pattern Recognition},
  pages     = {7373--7382},
  year      = {2021}
}

@inproceedings{bertinetto2016learning,
  title     = {Learning feed-forward one-shot learners},
  author    = {Bertinetto, Luca and Henriques, Jo{\~a}o F and Valmadre, Jack and Torr, Philip and Vedaldi, Andrea},
  booktitle = {Advances in neural information processing systems},
  pages     = {523--531},
  year      = {2016}
}

@inproceedings{hu2018squeeze,
  title     = {Squeeze-and-excitation networks},
  author    = {Hu, Jie and Shen, Li and Sun, Gang},
  booktitle = {Proceedings of the IEEE conference on computer vision and pattern recognition},
  pages     = {7132--7141},
  year      = {2018}
}

@article{ji2020improved,
  title     = {Improved prototypical networks for few-shot learning},
  author    = {Ji, Zhong and Chai, Xingliang and Yu, Yunlong and Pang, Yanwei and Zhang, Zhongfei},
  journal   = {Pattern Recognition Letters},
  volume    = {140},
  pages     = {81--87},
  year      = {2020},
  publisher = {Elsevier}
}


@inproceedings{dosovitskiy2020image,
  title     = {An Image is Worth 16x16 Words: Transformers for Image Recognition at Scale},
  author    = {Alexey Dosovitskiy and Lucas Beyer and Alexander Kolesnikov and Dirk Weissenborn and Xiaohua Zhai and Thomas Unterthiner and Mostafa Dehghani and Matthias Minderer and Georg Heigold and Sylvain Gelly and Jakob Uszkoreit and Neil Houlsby},
  booktitle = {International Conference on Learning Representations},
  year      = {2021},
  url       = {https://openreview.net/forum?id=YicbFdNTTy}
}

@article{doersch2020crosstransformers,
  title   = {Crosstransformers: spatially-aware few-shot transfer},
  author  = {Doersch, Carl and Gupta, Ankush and Zisserman, Andrew},
  journal = {arXiv preprint arXiv:2007.11498},
  year    = {2020}
}

@article{wang2020generalizing,
  title     = {Generalizing from a few examples: A survey on few-shot learning},
  author    = {Wang, Yaqing and Yao, Quanming and Kwok, James T and Ni, Lionel M},
  journal   = {ACM Computing Surveys (CSUR)},
  volume    = {53},
  number    = {3},
  pages     = {1--34},
  year      = {2020},
  publisher = {ACM New York, NY, USA}
}

@inproceedings{lin2014microsoft,
  title        = {Microsoft coco: Common objects in context},
  author       = {Lin, Tsung-Yi and Maire, Michael and Belongie, Serge and Hays, James and Perona, Pietro and Ramanan, Deva and Doll{\'a}r, Piotr and Zitnick, C Lawrence},
  booktitle    = {European conference on computer vision},
  pages        = {740--755},
  year         = {2014},
  organization = {Springer}
}

@article{huang2021survey,
  title   = {A Survey of Self-Supervised and Few-Shot Object Detection},
  author  = {Huang, Gabriel and Laradji, Issam and Vazquez, David and Lacoste-Julien, Simon and Rodriguez, Pau},
  journal = {arXiv preprint arXiv:2110.14711},
  year    = {2021}
}

@article{li2020object,
  title     = {Object detection in optical remote sensing images: A survey and a new benchmark},
  author    = {Li, Ke and Wan, Gang and Cheng, Gong and Meng, Liqiu and Han, Junwei},
  journal   = {ISPRS Journal of Photogrammetry and Remote Sensing},
  volume    = {159},
  pages     = {296--307},
  year      = {2020},
  publisher = {Elsevier}
}

@article{yang2020restoring,
  title   = {Restoring negative information in few-shot object detection},
  author  = {Yang, Yukuan and Wei, Fangyun and Shi, Miaojing and Li, Guoqi},
  journal = {Advances in neural information processing systems},
  volume  = {33},
  pages   = {3521--3532},
  year    = {2020}
}

@inproceedings{zhang2021hallucination,
  title     = {Hallucination improves few-shot object detection},
  author    = {Zhang, Weilin and Wang, Yu-Xiong},
  booktitle = {Proceedings of the IEEE/CVF Conference on Computer Vision and Pattern Recognition},
  pages     = {13008--13017},
  year      = {2021}
}

@article{ba2016layer,
  title   = {Layer normalization},
  author  = {Ba, Jimmy Lei and Kiros, Jamie Ryan and Hinton, Geoffrey E},
  journal = {arXiv preprint arXiv:1607.06450},
  year    = {2016}
}


@inproceedings{lejeune2022improving,
  author    = {Le Jeune, Pierre and Mokraoui, Anissa},
  booktitle = {30th European Signal Processing Conference (EUSIPCO)},
  title     = {Improving Few-Shot Object Detection through a Performance Analysis on Aerial and Natural Images},
  year      = {2022},
  volume    = {},
  number    = {},
  pages     = {513-517},
  doi       = {10.23919/EUSIPCO55093.2022.9909878}
}

@inproceedings{wolf2021double,
  title     = {Double Head Predictor based Few-Shot Object Detection for Aerial Imagery},
  author    = {Wolf, Stefan and Meier, Jonas and Sommer, Lars and Beyerer, J{\"u}rgen},
  booktitle = {Proceedings of the IEEE/CVF International Conference on Computer Vision},
  pages     = {721--731},
  year      = {2021}
}

@inproceedings{bar2022detreg,
  title     = {Detreg: Unsupervised pretraining with region priors for object detection},
  author    = {Bar, Amir and Wang, Xin and Kantorov, Vadim and Reed, Colorado J and Herzig, Roei and Chechik, Gal and Rohrbach, Anna and Darrell, Trevor and Globerson, Amir},
  booktitle = {Proceedings of the IEEE/CVF Conference on Computer Vision and Pattern Recognition},
  pages     = {14605--14615},
  year      = {2022}
}

@article{huang2021few,
  title     = {Few-Shot Object Detection on Remote Sensing Images via Shared Attention Module and Balanced Fine-Tuning Strategy},
  author    = {Huang, Xu and He, Bokun and Tong, Ming and Wang, Dingwen and He, Chu},
  journal   = {Remote Sensing},
  volume    = {13},
  number    = {19},
  pages     = {3816},
  year      = {2021},
  publisher = {MDPI}
}

@misc{xu2022simpl,
  doi       = {10.48550/ARXIV.2106.15681},
  url       = {https://arxiv.org/abs/2106.15681},
  author    = {Xu, Yang and Huang, Bohao and Luo, Xiong and Bradbury, Kyle and Malof, Jordan M.},
  keywords  = {Computer Vision and Pattern Recognition (cs.CV), FOS: Computer and information sciences, FOS: Computer and information sciences},
  title     = {SIMPL: Generating Synthetic Overhead Imagery to Address Zero-shot and Few-Shot Detection Problems},
  publisher = {arXiv},
  year      = {2021},
  copyright = {arXiv.org perpetual, non-exclusive license}
}

@article{cao2021few,
  title   = {Few-Shot Object Detection via Association and DIscrimination},
  author  = {Cao, Yuhang and Wang, Jiaqi and Jin, Ying and Wu, Tong and Chen, Kai and Liu, Ziwei and Lin, Dahua},
  journal = {Advances in Neural Information Processing Systems},
  volume  = {34},
  pages   = {16570--16581},
  year    = {2021}
}

@article{wu2021generalized,
  title   = {Generalized and discriminative few-shot object detection via SVD-dictionary enhancement},
  author  = {Wu, Aming and Zhao, Suqi and Deng, Cheng and Liu, Wei},
  journal = {Advances in Neural Information Processing Systems},
  volume  = {34},
  pages   = {6353--6364},
  year    = {2021}
}

@article{liu2021gendet,
  title     = {Gendet: Meta learning to generate detectors from few shots},
  author    = {Liu, Liyang and Wang, Bochao and Kuang, Zhanghui and Xue, Jing-Hao and Chen, Yimin and Yang, Wenming and Liao, Qingmin and Zhang, Wayne},
  journal   = {IEEE Transactions on Neural Networks and Learning Systems},
  year      = {2021},
  publisher = {IEEE}
}

@inproceedings{han2022few,
  title     = {Few-shot object detection with fully cross-transformer},
  author    = {Han, Guangxing and Ma, Jiawei and Huang, Shiyuan and Chen, Long and Chang, Shih-Fu},
  booktitle = {Proceedings of the IEEE/CVF Conference on Computer Vision and Pattern Recognition},
  pages     = {5321--5330},
  year      = {2022}
}

@inproceedings{li2021transformation,
  title     = {Transformation invariant few-shot object detection},
  author    = {Li, Aoxue and Li, Zhenguo},
  booktitle = {Proceedings of the IEEE/CVF Conference on Computer Vision and Pattern Recognition},
  pages     = {3094--3102},
  year      = {2021}
}

@inproceedings{ganea2021incremental,
  title     = {Incremental few-shot instance segmentation},
  author    = {Ganea, Dan Andrei and Boom, Bas and Poppe, Ronald},
  booktitle = {Proceedings of the IEEE/CVF Conference on Computer Vision and Pattern Recognition},
  pages     = {1185--1194},
  year      = {2021}
}

@inproceedings{liu2018path,
  title     = {Path aggregation network for instance segmentation},
  author    = {Liu, Shu and Qi, Lu and Qin, Haifang and Shi, Jianping and Jia, Jiaya},
  booktitle = {Proceedings of the IEEE conference on computer vision and pattern recognition},
  pages     = {8759--8768},
  year      = {2018}
}

@article{MIAO2022108258,
title = {Balanced single-shot object detection using cross-context attention-guided network},
journal = {Pattern Recognition},
volume = {122},
pages = {108258},
year = {2022},
issn = {0031-3203},
doi = {https://doi.org/10.1016/j.patcog.2021.108258},
url = {https://www.sciencedirect.com/science/article/pii/S0031320321004386},
author = {Shuyu Miao and Shanshan Du and Rui Feng and Yuejie Zhang and Huayu Li and Tianbi Liu and Lin Zheng and Weiguo Fan},
}

@article{KIM2021108118,
  title    = {Spatial reasoning for few-shot object detection},
  journal  = {Pattern Recognition},
  volume   = {120},
  pages    = {108118},
  year     = {2021},
  issn     = {0031-3203},
  doi      = {https://doi.org/10.1016/j.patcog.2021.108118},
  url      = {https://www.sciencedirect.com/science/article/pii/S0031320321003058},
  author   = {Geonuk Kim and Hong-Gyu Jung and Seong-Whan Lee},
}


@article{WANG2021107593,
  title    = {Multi-scale structural kernel representation for object detection},
  journal  = {Pattern Recognition},
  volume   = {110},
  pages    = {107593},
  year     = {2021},
  issn     = {0031-3203},
  doi      = {https://doi.org/10.1016/j.patcog.2020.107593},
  url      = {https://www.sciencedirect.com/science/article/pii/S0031320320303964},
  author   = {Hao Wang and Qilong Wang and Peihua Li and Wangmeng Zuo},
}

@article{ZHANG2020107484,
  title    = {Attention and boundary guided salient object detection},
  journal  = {Pattern Recognition},
  volume   = {107},
  pages    = {107484},
  year     = {2020},
  issn     = {0031-3203},
  doi      = {https://doi.org/10.1016/j.patcog.2020.107484},
  url      = {https://www.sciencedirect.com/science/article/pii/S0031320320302879},
  author   = {Qing Zhang and Yanjiao Shi and Xueqin Zhang},
}

@article{DING2023109018,
title = {Self-regularized prototypical network for few-shot semantic segmentation},
journal = {Pattern Recognition},
volume = {133},
pages = {109018},
year = {2023},
issn = {0031-3203},
doi = {https://doi.org/10.1016/j.patcog.2022.109018},
url = {https://www.sciencedirect.com/science/article/pii/S0031320322004988},
author = {Henghui Ding and Hui Zhang and Xudong Jiang},
}

@inproceedings{viola2001rapid,
  title        = {Rapid object detection using a boosted cascade of simple features},
  author       = {Viola, Paul and Jones, Michael},
  booktitle    = {Proceedings of the 2001 IEEE computer society conference on computer vision and pattern recognition. CVPR 2001},
  volume       = {1},
  pages        = {I--I},
  year         = {2001},
  organization = {Ieee}
}

@article{sermanet2013overfeat,
  title   = {Overfeat: Integrated recognition, localization and detection using convolutional networks},
  author  = {Sermanet, Pierre and Eigen, David and Zhang, Xiang and Mathieu, Micha{\"e}l and Fergus, Rob and LeCun, Yann},
  journal = {arXiv preprint arXiv:1312.6229},
  year    = {2013}
}

@article{salton1983introduction,
  title   = {Introduction to modern information retrieval},
  author  = {Salton, Gerard},
  journal = {McGraw-Hill},
  year    = {1983}
}

@inproceedings{oksuz2018localization,
  title     = {Localization recall precision (LRP): A new performance metric for object detection},
  author    = {Oksuz, Kemal and Cam, Baris Can and Akbas, Emre and Kalkan, Sinan},
  booktitle = {Proceedings of the European conference on computer vision (ECCV)},
  pages     = {504--519},
  year      = {2018}
}

@article{jena2023beyond,
  author  = {Jena, Rohit and Zhornyak, Lukas and Doiphode, Nehal and Chaudhari, Pratik and Buch, Vivek and Gee, James and Shi, Jianbo},
  title   = {Beyond mAP: Towards better evaluation of instance segmentation},
  journal = {CVPR},
  year    = {2023}
}

@article{zou2023object,
  title     = {Object detection in 20 years: A survey},
  author    = {Zou, Zhengxia and Chen, Keyan and Shi, Zhenwei and Guo, Yuhong and Ye, Jieping},
  journal   = {Proceedings of the IEEE},
  year      = {2023},
  publisher = {IEEE}
}

@article{zaidi2022survey,
  title     = {A survey of modern deep learning based object detection models},
  author    = {Zaidi, Syed Sahil Abbas and Ansari, Mohammad Samar and Aslam, Asra and Kanwal, Nadia and Asghar, Mamoona and Lee, Brian},
  journal   = {Digital Signal Processing},
  pages     = {103514},
  year      = {2022},
  publisher = {Elsevier}
}

@article{goldstein1972man,
  title     = {Man-Machine Interaction in Human-Face Identification},
  author    = {Goldstein, A Jay and Harmon, Leon D and Lesk, Ann B},
  journal   = {Bell System Technical Journal},
  volume    = {51},
  number    = {2},
  pages     = {399--427},
  year      = {1972},
  publisher = {Wiley Online Library}
}

@article{goldstein1971identification,
  title     = {Identification of human faces},
  author    = {Goldstein, A Jay and Harmon, Leon D and Lesk, Ann B},
  journal   = {Proceedings of the IEEE},
  volume    = {59},
  number    = {5},
  pages     = {748--760},
  year      = {1971},
  publisher = {IEEE}
}

@incollection{kaya1972basic,
  title     = {A basic study on human face recognition},
  author    = {Kaya, Y and Kobayashi, K},
  booktitle = {Frontiers of pattern recognition},
  pages     = {265--289},
  year      = {1972},
  publisher = {Elsevier}
}

@article{Yuille1989FeatureEF,
  title   = {Feature extraction from faces using deformable templates},
  author  = {Alan Loddon Yuille and Peter W. Hallinan and David S. Cohen},
  journal = {International Journal of Computer Vision},
  year    = {1989},
  volume  = {8},
  pages   = {99-111}
}

@article{turk1991eigenfaces,
  title     = {Eigenfaces for recognition},
  author    = {Turk, Matthew and Pentland, Alex},
  journal   = {Journal of cognitive neuroscience},
  volume    = {3},
  number    = {1},
  pages     = {71--86},
  year      = {1991},
  publisher = {MIT Press One Rogers Street}
}

@article{bichsel1994human,
  title     = {Human face recognition and the face image Set s topology},
  author    = {Bichsel, Martin and Pentland, Alex P},
  journal   = {CVGIP: Image understanding},
  volume    = {59},
  number    = {2},
  pages     = {254--261},
  year      = {1994},
  publisher = {Elsevier}
}

@article{rowley1998neural,
  title     = {Neural network-based face detection},
  author    = {Rowley, Henry A and Baluja, Shumeet and Kanade, Takeo},
  journal   = {IEEE Transactions on pattern analysis and machine intelligence},
  volume    = {20},
  number    = {1},
  pages     = {23--38},
  year      = {1998},
  publisher = {IEEE}
}

@article{vaillant1994original,
  title     = {Original approach for the localisation of objects in images},
  author    = {Vaillant, Régis and Monrocq, Christophe and Le Cun, Yann},
  journal   = {IEE Proceedings-Vision, Image and Signal Processing},
  volume    = {141},
  number    = {4},
  pages     = {245--250},
  year      = {1994},
  publisher = {IET}
}

@article{sung1998example,
  title     = {Example-based learning for view-based human face detection},
  author    = {Sung, K-K and Poggio, Tomaso},
  journal   = {IEEE Transactions on pattern analysis and machine intelligence},
  volume    = {20},
  number    = {1},
  pages     = {39--51},
  year      = {1998},
  publisher = {IEEE}
}

@inproceedings{moghaddam1995probabilistic,
  title        = {Probabilistic visual learning for object detection},
  author       = {Moghaddam, Baback and Pentland, Alex},
  booktitle    = {Proceedings of IEEE international conference on computer vision},
  pages        = {786--793},
  year         = {1995},
  organization = {IEEE}
}

@inproceedings{papageorgiou1998general,
  title        = {A general framework for object detection},
  author       = {Papageorgiou, Constantine P and Oren, Michael and Poggio, Tomaso},
  booktitle    = {Sixth International Conference on Computer Vision (IEEE Cat. No. 98CH36271)},
  pages        = {555--562},
  year         = {1998},
  organization = {IEEE}
}

@inproceedings{ronfard2002learning,
  title        = {Learning to parse pictures of people},
  author       = {Ronfard, Remi and Schmid, Cordelia and Triggs, Bill},
  booktitle    = {Computer Vision—ECCV 2002: 7th European Conference on Computer Vision Copenhagen, Denmark, May 28--31, 2002 Proceedings, Part IV 7},
  pages        = {700--714},
  year         = {2002},
  organization = {Springer}
}

@inproceedings{mikolajczyk2004human,
  title        = {Human detection based on a probabilistic assembly of robust part detectors},
  author       = {Mikolajczyk, Krystian and Schmid, Cordelia and Zisserman, Andrew},
  booktitle    = {Computer Vision-ECCV 2004: 8th European Conference on Computer Vision, Prague, Czech Republic, May 11-14, 2004. Proceedings, Part I 8},
  pages        = {69--82},
  year         = {2004},
  organization = {Springer}
}

@article{papageorgiou2000trainable,
  title     = {A trainable system for object detection},
  author    = {Papageorgiou, Constantine and Poggio, Tomaso},
  journal   = {International journal of computer vision},
  volume    = {38},
  pages     = {15--33},
  year      = {2000},
  publisher = {Springer}
}

@inproceedings{dalal2005histograms,
  title        = {Histograms of oriented gradients for human detection},
  author       = {Dalal, Navneet and Triggs, Bill},
  booktitle    = {2005 IEEE computer society conference on computer vision and pattern recognition (CVPR'05)},
  volume       = {1},
  pages        = {886--893},
  year         = {2005},
  organization = {IEEE}
}

@inproceedings{felzenszwalb2008discriminatively,
  title        = {A discriminatively trained, multiscale, deformable part model},
  author       = {Felzenszwalb, Pedro and McAllester, David and Ramanan, Deva},
  booktitle    = {2008 IEEE conference on computer vision and pattern recognition},
  pages        = {1--8},
  year         = {2008},
  organization = {Ieee}
}

@article{girshick2011object,
  title   = {Object detection with grammar models},
  author  = {Girshick, Ross and Felzenszwalb, Pedro and McAllester, David},
  journal = {Advances in neural information processing systems},
  volume  = {24},
  year    = {2011}
}

@article{krizhevsky2017imagenet,
  title     = {Imagenet classification with deep convolutional neural networks},
  author    = {Krizhevsky, Alex and Sutskever, Ilya and Hinton, Geoffrey E},
  journal   = {Communications of the ACM},
  volume    = {60},
  number    = {6},
  pages     = {84--90},
  year      = {2017},
  publisher = {AcM New York, NY, USA}
}


@article{uijlings2013selective,
  title     = {Selective search for object recognition},
  author    = {Uijlings, Jasper RR and Van De Sande, Koen EA and Gevers, Theo and Smeulders, Arnold WM},
  journal   = {International journal of computer vision},
  volume    = {104},
  pages     = {154--171},
  year      = {2013},
  publisher = {Springer}
}

@article{he2015spatial,
  title     = {Spatial pyramid pooling in deep convolutional networks for visual recognition},
  author    = {He, Kaiming and Zhang, Xiangyu and Ren, Shaoqing and Sun, Jian},
  journal   = {IEEE transactions on pattern analysis and machine intelligence},
  volume    = {37},
  number    = {9},
  pages     = {1904--1916},
  year      = {2015},
  publisher = {IEEE}
}

@inproceedings{redmon2017yolo9000,
  title     = {YOLO9000: better, faster, stronger},
  author    = {Redmon, Joseph and Farhadi, Ali},
  booktitle = {Proceedings of the IEEE conference on computer vision and pattern recognition},
  pages     = {7263--7271},
  year      = {2017}
}

@article{redmon2018yolov3,
  title   = {Yolov3: An incremental improvement},
  author  = {Redmon, Joseph and Farhadi, Ali},
  journal = {arXiv preprint arXiv:1804.02767},
  year    = {2018}
}

@article{bochkovskiy2020yolov4,
  title   = {Yolov4: Optimal speed and accuracy of object detection},
  author  = {Bochkovskiy, Alexey and Wang, Chien-Yao and Liao, Hong-Yuan Mark},
  journal = {arXiv preprint arXiv:2004.10934},
  year    = {2020}
}

@article{yolox2021,
  title   = {YOLOX: Exceeding YOLO Series in 2021},
  author  = {Ge, Zheng and Liu, Songtao and Wang, Feng and Li, Zeming and Sun, Jian},
  journal = {arXiv preprint arXiv:2107.08430},
  year    = {2021}
}

@article{wang2021you,
  title   = {You only learn one representation: Unified network for multiple tasks},
  author  = {Wang, Chien-Yao and Yeh, I-Hau and Liao, Hong-Yuan Mark},
  journal = {arXiv preprint arXiv:2105.04206},
  year    = {2021}
}

@article{long2020pp,
  title   = {PP-YOLO: An effective and efficient implementation of object detector},
  author  = {Long, Xiang and Deng, Kaipeng and Wang, Guanzhong and Zhang, Yang and Dang, Qingqing and Gao, Yuan and Shen, Hui and Ren, Jianguo and Han, Shumin and Ding, Errui and others},
  journal = {arXiv preprint arXiv:2007.12099},
  year    = {2020}
}

@article{li2022yolov6,
  title   = {YOLOv6: A single-stage object detection framework for industrial applications},
  author  = {Li, Chuyi and Li, Lulu and Jiang, Hongliang and Weng, Kaiheng and Geng, Yifei and Li, Liang and Ke, Zaidan and Li, Qingyuan and Cheng, Meng and Nie, Weiqiang and others},
  journal = {arXiv preprint arXiv:2209.02976},
  year    = {2022}
}

@article{wang2022yolov7,
  title   = {YOLOv7: Trainable bag-of-freebies sets new state-of-the-art for real-time object detectors},
  author  = {Wang, Chien-Yao and Bochkovskiy, Alexey and Liao, Hong-Yuan Mark},
  journal = {arXiv preprint arXiv:2207.02696},
  year    = {2022}
}

@inproceedings{liu2016ssd,
  title        = {Ssd: Single shot multibox detector},
  author       = {Liu, Wei and Anguelov, Dragomir and Erhan, Dumitru and Szegedy, Christian and Reed, Scott and Fu, Cheng-Yang and Berg, Alexander C},
  booktitle    = {Computer Vision--ECCV 2016: 14th European Conference, Amsterdam, The Netherlands, October 11--14, 2016, Proceedings, Part I 14},
  pages        = {21--37},
  year         = {2016},
  organization = {Springer}
}

@article{simonyan2014very,
  title   = {Very deep convolutional networks for large-scale image recognition},
  author  = {Simonyan, Karen and Zisserman, Andrew},
  journal = {arXiv preprint arXiv:1409.1556},
  year    = {2014}
}


@inproceedings{xie2017aggregated,
  title     = {Aggregated residual transformations for deep neural networks},
  author    = {Xie, Saining and Girshick, Ross and Doll{\'a}r, Piotr and Tu, Zhuowen and He, Kaiming},
  booktitle = {Proceedings of the IEEE conference on computer vision and pattern recognition},
  pages     = {1492--1500},
  year      = {2017}
}

@article{zagoruyko2016wide,
  title   = {Wide residual networks},
  author  = {Zagoruyko, Sergey and Komodakis, Nikos},
  journal = {arXiv preprint arXiv:1605.07146},
  year    = {2016}
}

@inproceedings{tan2019efficientnet,
  title        = {Efficientnet: Rethinking model scaling for convolutional neural networks},
  author       = {Tan, Mingxing and Le, Quoc},
  booktitle    = {International conference on machine learning},
  pages        = {6105--6114},
  year         = {2019},
  organization = {PMLR}
}

@inproceedings{zhu2018bidirectional,
  title     = {Bidirectional feature pyramid network with recurrent attention residual modules for shadow detection},
  author    = {Zhu, Lei and Deng, Zijun and Hu, Xiaowei and Fu, Chi-Wing and Xu, Xuemiao and Qin, Jing and Heng, Pheng-Ann},
  booktitle = {Proceedings of the European Conference on Computer Vision (ECCV)},
  pages     = {121--136},
  year      = {2018}
}

@inproceedings{ghiasi2019fpn,
  title     = {Nas-fpn: Learning scalable feature pyramid architecture for object detection},
  author    = {Ghiasi, Golnaz and Lin, Tsung-Yi and Le, Quoc V},
  booktitle = {Proceedings of the IEEE/CVF conference on computer vision and pattern recognition},
  pages     = {7036--7045},
  year      = {2019}
}

@article{fu2017dssd,
  title   = {Dssd: Deconvolutional single shot detector},
  author  = {Fu, Cheng-Yang and Liu, Wei and Ranga, Ananth and Tyagi, Ambrish and Berg, Alexander C},
  journal = {arXiv preprint arXiv:1701.06659},
  year    = {2017}
}

@article{xu2020gliding,
  title     = {Gliding vertex on the horizontal bounding box for multi-oriented object detection},
  author    = {Xu, Yongchao and Fu, Mingtao and Wang, Qimeng and Wang, Yukang and Chen, Kai and Xia, Gui-Song and Bai, Xiang},
  journal   = {IEEE transactions on pattern analysis and machine intelligence},
  volume    = {43},
  number    = {4},
  pages     = {1452--1459},
  year      = {2020},
  publisher = {IEEE}
}

@article{ding2018learning,
  title   = {Learning RoI transformer for detecting oriented objects in aerial images},
  author  = {Ding, Jian and Xue, Nan and Long, Yang and Xia, Gui-Song and Lu, Qikai},
  journal = {arXiv preprint arXiv:1812.00155},
  year    = {2018}
}

@inproceedings{xie2021oriented,
  title     = {Oriented R-CNN for object detection},
  author    = {Xie, Xingxing and Cheng, Gong and Wang, Jiabao and Yao, Xiwen and Han, Junwei},
  booktitle = {Proceedings of the IEEE/CVF International Conference on Computer Vision},
  pages     = {3520--3529},
  year      = {2021}
}

@article{liu2017learning,
  title   = {Learning a rotation invariant detector with rotatable bounding box},
  author  = {Liu, Lei and Pan, Zongxu and Lei, Bin},
  journal = {arXiv preprint arXiv:1711.09405},
  year    = {2017}
}

@article{singh2021scale,
  title     = {Scale normalized image pyramids with AutoFocus for object detection},
  author    = {Singh, Bharat and Najibi, Mahyar and Sharma, Abhishek and Davis, Larry S},
  journal   = {IEEE Transactions on Pattern Analysis and Machine Intelligence},
  volume    = {44},
  number    = {7},
  pages     = {3749--3766},
  year      = {2021},
  publisher = {IEEE}
}

@article{singh2018sniper,
  title   = {Sniper: Efficient multi-scale training},
  author  = {Singh, Bharat and Najibi, Mahyar and Davis, Larry S},
  journal = {Advances in neural information processing systems},
  volume  = {31},
  year    = {2018}
}

@article{kisantal2019augmentation,
  title   = {Augmentation for small object detection},
  author  = {Kisantal, Mate and Wojna, Zbigniew and Murawski, Jakub and Naruniec, Jacek and Cho, Kyunghyun},
  journal = {arXiv preprint arXiv:1902.07296},
  year    = {2019}
}

@article{rabbi2020small,
  title     = {Small-object detection in remote sensing images with end-to-end edge-enhanced GAN and object detector network},
  author    = {Rabbi, Jakaria and Ray, Nilanjan and Schubert, Matthias and Chowdhury, Subir and Chao, Dennis},
  journal   = {Remote Sensing},
  volume    = {12},
  number    = {9},
  pages     = {1432},
  year      = {2020},
  publisher = {MDPI}
}

@inproceedings{Bai2018SODMTGANSO,
  title     = {SOD-MTGAN: Small Object Detection via Multi-Task Generative Adversarial Network},
  author    = {Yancheng Bai and Yongqiang Zhang and Mingli Ding and Bernard Ghanem},
  booktitle = {ECCV},
  year      = {2018}
}

@article{Shermeyer2019TheEO,
  title   = {The Effects of Super-Resolution on Object Detection Performance in Satellite Imagery},
  author  = {Jacob Shermeyer and Adam Van Etten},
  journal = {2019 IEEE/CVF Conference on Computer Vision and Pattern Recognition Workshops (CVPRW)},
  year    = {2019},
  pages   = {1432-1441}
}

@article{Courtrai2020SmallOD,
  title   = {Small Object Detection in Remote Sensing Images Based on Super-Resolution with Auxiliary Generative Adversarial Networks},
  author  = {Luc Courtrai and Minh-Tan Pham and S{\'e}bastien Lef{\`e}vre},
  journal = {Remote. Sens.},
  year    = {2020},
  volume  = {12},
  pages   = {3152}
}

@inproceedings{Ferdous2019SuperRD,
  title     = {Super resolution-assisted deep aerial vehicle detection},
  author    = {Syeda Nyma Ferdous and Moktari Mostofa and Nasser M. Nasrabadi},
  booktitle = {Defense + Commercial Sensing},
  year      = {2019}
}

@article{wang2021nwd,
  title   = {Detecting Tiny Objects in Aerial Images: A Normalized Wasserstein Distance and A New Benchmark},
  author  = {Xu, Chang and Wang, Jinwang and and Yang, Wen and Yu, Huai and Yu, Lei and Xia, Gui-Song},
  journal = {ISPRS Journal of Photogrammetry and Remote Sensing (ISPRS J P \& RS)},
  year    = {2022}
}

@article{deng2022extended,
  author  = {Deng, Chunfang and Wang, Mengmeng and Liu, Liang and Liu, Yong and Jiang, Yunliang},
  journal = {IEEE Transactions on Multimedia},
  title   = {Extended Feature Pyramid Network for Small Object Detection},
  year    = {2022},
  volume  = {24},
  number  = {},
  pages   = {1968-1979},
  doi     = {10.1109/TMM.2021.3074273}
}

@article{li2021gsdet,
  author  = {Li, Wei and Wei, Wei and Zhang, Lei},
  journal = {IEEE Transactions on Image Processing},
  title   = {GSDet: Object Detection in Aerial Images Based on Scale Reasoning},
  year    = {2021},
  volume  = {30},
  number  = {},
  pages   = {4599-4609},
  doi     = {10.1109/TIP.2021.3073319}
}

@article{dosovitskiy2020vit,
  title   = {An Image is Worth 16x16 Words: Transformers for Image Recognition at Scale},
  author  = {Dosovitskiy, Alexey and Beyer, Lucas and Kolesnikov, Alexander and Weissenborn, Dirk and Zhai, Xiaohua and Unterthiner, Thomas and  Dehghani, Mostafa and Minderer, Matthias and Heigold, Georg and Gelly, Sylvain and Uszkoreit, Jakob and Houlsby, Neil},
  journal = {ICLR},
  year    = {2021}
}

@inproceedings{parmar2018image,
  title        = {Image transformer},
  author       = {Parmar, Niki and Vaswani, Ashish and Uszkoreit, Jakob and Kaiser, Lukasz and Shazeer, Noam and Ku, Alexander and Tran, Dustin},
  booktitle    = {International conference on machine learning},
  pages        = {4055--4064},
  year         = {2018},
  organization = {PMLR}
}

@inproceedings{zhu2021deformable,
  title     = {Deformable {\{}DETR{\}}: Deformable Transformers for End-to-End Object Detection},
  author    = {Xizhou Zhu and Weijie Su and Lewei Lu and Bin Li and Xiaogang Wang and Jifeng Dai},
  booktitle = {International Conference on Learning Representations},
  year      = {2021},
  url       = {https://openreview.net/forum?id=gZ9hCDWe6ke}
}

@inproceedings{dai2017deformable,
  title     = {Deformable convolutional networks},
  author    = {Dai, Jifeng and Qi, Haozhi and Xiong, Yuwen and Li, Yi and Zhang, Guodong and Hu, Han and Wei, Yichen},
  booktitle = {Proceedings of the IEEE international conference on computer vision},
  pages     = {764--773},
  year      = {2017}
}

@article{jia2022detrs,
  title   = {DETRs with Hybrid Matching},
  author  = {Jia, Ding and Yuan, Yuhui and He, Haodi and Wu, Xiaopei and Yu, Haojun and Lin, Weihong and Sun, Lei and Zhang, Chao and Hu, Han},
  journal = {arXiv preprint arXiv:2207.13080},
  year    = {2022}
}

@inproceedings{touvron2021training,
  title        = {Training data-efficient image transformers \& distillation through attention},
  author       = {Touvron, Hugo and Cord, Matthieu and Douze, Matthijs and Massa, Francisco and Sablayrolles, Alexandre and J{\'e}gou, Herv{\'e}},
  booktitle    = {International conference on machine learning},
  pages        = {10347--10357},
  year         = {2021},
  organization = {PMLR}
}

@inproceedings{d2021convit,
  title        = {Convit: Improving vision transformers with soft convolutional inductive biases},
  author       = {d’Ascoli, St{\'e}phane and Touvron, Hugo and Leavitt, Matthew L and Morcos, Ari S and Biroli, Giulio and Sagun, Levent},
  booktitle    = {International Conference on Machine Learning},
  pages        = {2286--2296},
  year         = {2021},
  organization = {PMLR}
}

@inproceedings{bao2022beit,
  title     = {{BE}iT: {BERT} Pre-Training of Image Transformers},
  author    = {Hangbo Bao and Li Dong and Songhao Piao and Furu Wei},
  booktitle = {International Conference on Learning Representations},
  year      = {2022},
  url       = {https://openreview.net/forum?id=p-BhZSz59o4}
}

@inproceedings{liu2021swin,
  title     = {Swin transformer: Hierarchical vision transformer using shifted windows},
  author    = {Liu, Ze and Lin, Yutong and Cao, Yue and Hu, Han and Wei, Yixuan and Zhang, Zheng and Lin, Stephen and Guo, Baining},
  booktitle = {Proceedings of the IEEE/CVF international conference on computer vision},
  pages     = {10012--10022},
  year      = {2021}
}

@inproceedings{liu2022swin,
  title     = {Swin transformer v2: Scaling up capacity and resolution},
  author    = {Liu, Ze and Hu, Han and Lin, Yutong and Yao, Zhuliang and Xie, Zhenda and Wei, Yixuan and Ning, Jia and Cao, Yue and Zhang, Zheng and Dong, Li and others},
  booktitle = {Proceedings of the IEEE/CVF conference on computer vision and pattern recognition},
  pages     = {12009--12019},
  year      = {2022}
}

@inproceedings{caron2021emerging,
  title     = {Emerging properties in self-supervised vision transformers},
  author    = {Caron, Mathilde and Touvron, Hugo and Misra, Ishan and J{\'e}gou, Herv{\'e} and Mairal, Julien and Bojanowski, Piotr and Joulin, Armand},
  booktitle = {Proceedings of the IEEE/CVF international conference on computer vision},
  pages     = {9650--9660},
  year      = {2021}
}

@misc{oquab2023dinov2,
  title         = {DINOv2: Learning Robust Visual Features without Supervision},
  author        = {Maxime Oquab and Timothée Darcet and Théo Moutakanni and Huy Vo and Marc Szafraniec and Vasil Khalidov and Pierre Fernandez and Daniel Haziza and Francisco Massa and Alaaeldin El-Nouby and Mahmoud Assran and Nicolas Ballas and Wojciech Galuba and Russell Howes and Po-Yao Huang and Shang-Wen Li and Ishan Misra and Michael Rabbat and Vasu Sharma and Gabriel Synnaeve and Hu Xu and Hervé Jegou and Julien Mairal and Patrick Labatut and Armand Joulin and Piotr Bojanowski},
  year          = {2023},
  eprint        = {2304.07193},
  archiveprefix = {arXiv},
  primaryclass  = {cs.CV}
}

@misc{kirillov2023segment,
  title         = {Segment Anything},
  author        = {Alexander Kirillov and Eric Mintun and Nikhila Ravi and Hanzi Mao and Chloe Rolland and Laura Gustafson and Tete Xiao and Spencer Whitehead and Alexander C. Berg and Wan-Yen Lo and Piotr Dollár and Ross Girshick},
  year          = {2023},
  eprint        = {2304.02643},
  archiveprefix = {arXiv},
  primaryclass  = {cs.CV}
}

@inproceedings{liu2022convnet,
  title     = {A convnet for the 2020s},
  author    = {Liu, Zhuang and Mao, Hanzi and Wu, Chao-Yuan and Feichtenhofer, Christoph and Darrell, Trevor and Xie, Saining},
  booktitle = {Proceedings of the IEEE/CVF Conference on Computer Vision and Pattern Recognition},
  pages     = {11976--11986},
  year      = {2022}
}

@article{wang2022internimage,
  title   = {Internimage: Exploring large-scale vision foundation models with deformable convolutions},
  author  = {Wang, Wenhai and Dai, Jifeng and Chen, Zhe and Huang, Zhenhang and Li, Zhiqi and Zhu, Xizhou and Hu, Xiaowei and Lu, Tong and Lu, Lewei and Li, Hongsheng and others},
  journal = {arXiv preprint arXiv:2211.05778},
  year    = {2022}
}

@article{chen2022diffusiondet,
  title   = {Diffusiondet: Diffusion model for object detection},
  author  = {Chen, Shoufa and Sun, Peize and Song, Yibing and Luo, Ping},
  journal = {arXiv preprint arXiv:2211.09788},
  year    = {2022}
}

@inproceedings{yu2016unitbox,
  title     = {Unitbox: An advanced object detection network},
  author    = {Yu, Jiahui and Jiang, Yuning and Wang, Zhangyang and Cao, Zhimin and Huang, Thomas},
  booktitle = {Proceedings of the 24th ACM international conference on Multimedia},
  pages     = {516--520},
  year      = {2016}
}

@inproceedings{rezatofighi2019generalized,
  title     = {Generalized intersection over union: A metric and a loss for bounding box regression},
  author    = {Rezatofighi, Hamid and Tsoi, Nathan and Gwak, JunYoung and Sadeghian, Amir and Reid, Ian and Savarese, Silvio},
  booktitle = {Proceedings of the IEEE/CVF conference on computer vision and pattern recognition},
  pages     = {658--666},
  year      = {2019}
}

@inproceedings{zheng2020distance,
  title     = {Distance-IoU loss: Faster and better learning for bounding box regression},
  author    = {Zheng, Zhaohui and Wang, Ping and Liu, Wei and Li, Jinze and Ye, Rongguang and Ren, Dongwei},
  booktitle = {Proceedings of the AAAI conference on artificial intelligence},
  volume    = {34},
  number    = {07},
  pages     = {12993--13000},
  year      = {2020}
}

@article{he2021alpha,
  title   = {Alpha-IoU: A Family of Power Intersection over Union Losses for Bounding Box Regression},
  author  = {He, Jiabo and Erfani, Sarah and Ma, Xingjun and Bailey, James and Chi, Ying and Hua, Xian-Sheng},
  journal = {Advances in Neural Information Processing Systems},
  volume  = {34},
  pages   = {20230--20242},
  year    = {2021}
}

@article{huber1992robust,
  title     = {Robust estimation of a location parameter},
  author    = {Huber, Peter J},
  journal   = {Breakthroughs in statistics: Methodology and distribution},
  pages     = {492--518},
  year      = {1992},
  publisher = {Springer}
}

@inproceedings{gupta2019lvis,
  title     = {{LVIS}: A Dataset for Large Vocabulary Instance Segmentation},
  author    = {Gupta, Agrim and Dollar, Piotr and Girshick, Ross},
  booktitle = {Proceedings of the {IEEE} Conference on Computer Vision and Pattern Recognition},
  year      = {2019}
}

@inproceedings{Shao_2019_ICCV,
  author    = {Shao, Shuai and Li, Zeming and Zhang, Tianyuan and Peng, Chao and Yu, Gang and Zhang, Xiangyu and Li, Jing and Sun, Jian},
  title     = {Objects365: A Large-Scale, High-Quality Dataset for Object Detection},
  booktitle = {Proceedings of the IEEE/CVF International Conference on Computer Vision (ICCV)},
  month     = {October},
  year      = {2019}
}

@inproceedings{Geiger2012CVPR,
  author    = {Andreas Geiger and Philip Lenz and Raquel Urtasun},
  title     = {Are we ready for Autonomous Driving? The KITTI Vision Benchmark Suite},
  booktitle = {Conference on Computer Vision and Pattern Recognition (CVPR)},
  year      = {2012}
}

@inproceedings{yu2020bdd100k,
  title     = {Bdd100k: A diverse driving dataset for heterogeneous multitask learning},
  author    = {Yu, Fisher and Chen, Haofeng and Wang, Xin and Xian, Wenqi and Chen, Yingying and Liu, Fangchen and Madhavan, Vashisht and Darrell, Trevor},
  booktitle = {Proceedings of the IEEE/CVF conference on computer vision and pattern recognition},
  pages     = {2636--2645},
  year      = {2020}
}

@article{sun2022fair1m,
  title     = {FAIR1M: A benchmark dataset for fine-grained object recognition in high-resolution remote sensing imagery},
  author    = {Sun, Xian and Wang, Peijin and Yan, Zhiyuan and Xu, Feng and Wang, Ruiping and Diao, Wenhui and Chen, Jin and Li, Jihao and Feng, Yingchao and Xu, Tao and others},
  journal   = {ISPRS Journal of Photogrammetry and Remote Sensing},
  volume    = {184},
  pages     = {116--130},
  year      = {2022},
  publisher = {Elsevier}
}

@article{lam2018xview,
  title   = {xview: Objects in context in overhead imagery},
  author  = {Lam, Darius and Kuzma, Richard and McGee, Kevin and Dooley, Samuel and Laielli, Michael and Klaric, Matthew and Bulatov, Yaroslav and McCord, Brendan},
  journal = {arXiv preprint arXiv:1802.07856},
  year    = {2018}
}

@inproceedings{Shanshan2017CVPR,
  author    = {Shanshan Zhang and Rodrigo Benenson and Bernt Schiele},
  title     = {CityPersons: A Diverse Dataset for Pedestrian Detection},
  booktitle = {CVPR},
  year      = {2017}
}

@inproceedings{yu2020scale,
  title     = {Scale match for tiny person detection},
  author    = {Yu, Xuehui and Gong, Yuqi and Jiang, Nan and Ye, Qixiang and Han, Zhenjun},
  booktitle = {Proceedings of the IEEE/CVF winter conference on applications of computer vision},
  pages     = {1257--1265},
  year      = {2020}
}

@article{shao2018crowdhuman,
  title   = {CrowdHuman: A Benchmark for Detecting Human in a Crowd},
  author  = {Shao, Shuai and Zhao, Zijian and Li, Boxun and Xiao, Tete and Yu, Gang and Zhang, Xiangyu and Sun, Jian},
  journal = {arXiv preprint arXiv:1805.00123},
  year    = {2018}
}

@inproceedings{mundhenk2016large,
  title        = {A large contextual dataset for classification, detection and counting of cars with deep learning},
  author       = {Mundhenk, T Nathan and Konjevod, Goran and Sakla, Wesam A and Boakye, Kofi},
  booktitle    = {Computer Vision--ECCV 2016: 14th European Conference, Amsterdam, The Netherlands, October 11-14, 2016, Proceedings, Part III 14},
  pages        = {785--800},
  year         = {2016},
  organization = {Springer}
}

@misc{tum2019oktoberfest,
  title         = {Oktoberfest Food Dataset},
  author        = {Alexander Ziller and Julius Hansjakob and Vitalii Rusinov and Daniel Z\"ugner and Peter Vogel and Stephan G\"unnemann},
  year          = {2019},
  eprint        = {1912.05007},
  archiveprefix = {arXiv},
  primaryclass  = {cs.CV}
}

@inproceedings{inoue2018cross,
  title     = {Cross-domain weakly-supervised object detection through progressive domain adaptation},
  author    = {Inoue, Naoto and Furuta, Ryosuke and Yamasaki, Toshihiko and Aizawa, Kiyoharu},
  booktitle = {Proceedings of the IEEE conference on computer vision and pattern recognition},
  pages     = {5001--5009},
  year      = {2018}
}

@article{wang2022logodet,
  title     = {Logodet-3k: A large-scale image dataset for logo detection},
  author    = {Wang, Jing and Min, Weiqing and Hou, Sujuan and Ma, Shengnan and Zheng, Yuanjie and Jiang, Shuqiang},
  journal   = {ACM Transactions on Multimedia Computing, Communications, and Applications (TOMM)},
  volume    = {18},
  number    = {1},
  pages     = {1--19},
  year      = {2022},
  publisher = {ACM New York, NY}
}

@inproceedings{miao2019sixray,
  title     = {Sixray: A large-scale security inspection x-ray benchmark for prohibited item discovery in overlapping images},
  author    = {Miao, Caijing and Xie, Lingxi and Wan, Fang and Su, Chi and Liu, Hongye and Jiao, Jianbin and Ye, Qixiang},
  booktitle = {Proceedings of the IEEE/CVF conference on computer vision and pattern recognition},
  pages     = {2119--2128},
  year      = {2019}
}

@article{sun2022drone,
  author  = {Sun, Yiming and Cao, Bing and Zhu, Pengfei and Hu, Qinghua},
  journal = {IEEE Transactions on Circuits and Systems for Video Technology},
  title   = {Drone-Based RGB-Infrared Cross-Modality Vehicle Detection Via Uncertainty-Aware Learning},
  year    = {2022},
  volume  = {32},
  number  = {10},
  pages   = {6700-6713},
  doi     = {10.1109/TCSVT.2022.3168279}
}

@article{lecun1998gradient,
  title     = {Gradient-based learning applied to document recognition},
  author    = {LeCun, Yann and Bottou, L{\'e}on and Bengio, Yoshua and Haffner, Patrick},
  journal   = {Proceedings of the IEEE},
  volume    = {86},
  number    = {11},
  pages     = {2278--2324},
  year      = {1998},
  publisher = {Ieee}
}

@article{rawat2017deep,
  title     = {Deep convolutional neural networks for image classification: A comprehensive review},
  author    = {Rawat, Waseem and Wang, Zenghui},
  journal   = {Neural computation},
  volume    = {29},
  number    = {9},
  pages     = {2352--2449},
  year      = {2017},
  publisher = {MIT Press}
}


@article{grill2020bootstrap,
  title   = {Bootstrap your own latent-a new approach to self-supervised learning},
  author  = {Grill, Jean-Bastien and Strub, Florian and Altch{\'e}, Florent and Tallec, Corentin and Richemond, Pierre and Buchatskaya, Elena and Doersch, Carl and Avila Pires, Bernardo and Guo, Zhaohan and Gheshlaghi Azar, Mohammad and others},
  journal = {Advances in neural information processing systems},
  volume  = {33},
  pages   = {21271--21284},
  year    = {2020}
}

@inproceedings{he2020momentum,
  title     = {Momentum contrast for unsupervised visual representation learning},
  author    = {He, Kaiming and Fan, Haoqi and Wu, Yuxin and Xie, Saining and Girshick, Ross},
  booktitle = {Proceedings of the IEEE/CVF conference on computer vision and pattern recognition},
  pages     = {9729--9738},
  year      = {2020}
}

@article{caron2020unsupervised,
  title   = {Unsupervised learning of visual features by contrasting cluster assignments},
  author  = {Caron, Mathilde and Misra, Ishan and Mairal, Julien and Goyal, Priya and Bojanowski, Piotr and Joulin, Armand},
  journal = {Advances in neural information processing systems},
  volume  = {33},
  pages   = {9912--9924},
  year    = {2020}
}

@inproceedings{radford2021learning,
  title        = {Learning transferable visual models from natural language supervision},
  author       = {Radford, Alec and Kim, Jong Wook and Hallacy, Chris and Ramesh, Aditya and Goh, Gabriel and Agarwal, Sandhini and Sastry, Girish and Askell, Amanda and Mishkin, Pamela and Clark, Jack and others},
  booktitle    = {International conference on machine learning},
  pages        = {8748--8763},
  year         = {2021},
  organization = {PMLR}
}


@article{song2022comprehensive,
  title   = {A comprehensive survey of few-shot learning: Evolution, applications, challenges, and opportunities},
  author  = {Song, Yisheng and Wang, Ting and Mondal, Subrota K and Sahoo, Jyoti Prakash},
  journal = {arXiv preprint arXiv:2205.06743},
  year    = {2022}
}

@inproceedings{yoo2018efficient,
  title     = {Efficient k-shot learning with regularized deep networks},
  author    = {Yoo, Donghyun and Fan, Haoqi and Boddeti, Vishnu and Kitani, Kris},
  booktitle = {Proceedings of the AAAI Conference on Artificial Intelligence},
  volume    = {32},
  number    = {1},
  year      = {2018}
}

@article{hazan2010direct,
  title   = {Direct loss minimization for structured prediction},
  author  = {Hazan, Tamir and Keshet, Joseph and McAllester, David},
  journal = {Advances in neural information processing systems},
  volume  = {23},
  year    = {2010}
}

@article{triantafillou2017few,
  title   = {Few-shot learning through an information retrieval lens},
  author  = {Triantafillou, Eleni and Zemel, Richard and Urtasun, Raquel},
  journal = {Advances in neural information processing systems},
  volume  = {30},
  year    = {2017}
}

@inproceedings{munkhdalai2018rapid,
  title        = {Rapid adaptation with conditionally shifted neurons},
  author       = {Munkhdalai, Tsendsuren and Yuan, Xingdi and Mehri, Soroush and Trischler, Adam},
  booktitle    = {International conference on machine learning},
  pages        = {3664--3673},
  year         = {2018},
  organization = {PMLR}
}

@inproceedings{chopra2005learning,
  title        = {Learning a similarity metric discriminatively, with application to face verification},
  author       = {Chopra, Sumit and Hadsell, Raia and LeCun, Yann},
  booktitle    = {2005 IEEE Computer Society Conference on Computer Vision and Pattern Recognition (CVPR'05)},
  volume       = {1},
  pages        = {539--546},
  year         = {2005},
  organization = {IEEE}
}

@inproceedings{koch2015siamese,
  title        = {Siamese neural networks for one-shot image recognition},
  author       = {Koch, Gregory and Zemel, Richard and Salakhutdinov, Ruslan and others},
  booktitle    = {ICML deep learning workshop},
  volume       = {2},
  number       = {1},
  year         = {2015},
  organization = {Lille}
}

@inproceedings{liu2020prototype,
  title        = {Prototype rectification for few-shot learning},
  author       = {Liu, Jinlu and Song, Liang and Qin, Yongqiang},
  booktitle    = {Computer Vision--ECCV 2020: 16th European Conference, Glasgow, UK, August 23--28, 2020, Proceedings, Part I 16},
  pages        = {741--756},
  year         = {2020},
  organization = {Springer}
}

@article{ren2018meta,
  title   = {Meta-learning for semi-supervised few-shot classification},
  author  = {Ren, Mengye and Triantafillou, Eleni and Ravi, Sachin and Snell, Jake and Swersky, Kevin and Tenenbaum, Joshua B and Larochelle, Hugo and Zemel, Richard S},
  journal = {arXiv preprint arXiv:1803.00676},
  year    = {2018}
}

@inproceedings{deuschel2021multi,
  title     = {Multi-prototype few-shot learning in histopathology},
  author    = {Deuschel, Jessica and Firmbach, Daniel and Geppert, Carol I and Eckstein, Markus and Hartmann, Arndt and Bruns, Volker and Kuritcyn, Petr and Dexl, Jakob and Hartmann, David and Perrin, Dominik and others},
  booktitle = {Proceedings of the IEEE/CVF International Conference on Computer Vision},
  pages     = {620--628},
  year      = {2021}
}

@article{oreshkin2018tadam,
  title   = {Tadam: Task dependent adaptive metric for improved few-shot learning},
  author  = {Oreshkin, Boris and Rodr{\'\i}guez L{\'o}pez, Pau and Lacoste, Alexandre},
  journal = {Advances in neural information processing systems},
  volume  = {31},
  year    = {2018}
}

@inproceedings{lee2018gradient,
  title        = {Gradient-based meta-learning with learned layerwise metric and subspace},
  author       = {Lee, Yoonho and Choi, Seungjin},
  booktitle    = {International Conference on Machine Learning},
  pages        = {2927--2936},
  year         = {2018},
  organization = {PMLR}
}

@inproceedings{franceschi2018bilevel,
  title        = {Bilevel programming for hyperparameter optimization and meta-learning},
  author       = {Franceschi, Luca and Frasconi, Paolo and Salzo, Saverio and Grazzi, Riccardo and Pontil, Massimiliano},
  booktitle    = {International Conference on Machine Learning},
  pages        = {1568--1577},
  year         = {2018},
  organization = {PMLR}
}

@article{kim2018bayesian,
  title   = {Bayesian model-agnostic meta-learning},
  author  = {Kim, Taesup and Yoon, Jaesik and Dia, Ousmane and Kim, Sungwoong and Bengio, Yoshua and Ahn, Sungjin},
  journal = {arXiv preprint arXiv:1806.03836},
  year    = {2018}
}

@article{behl2019alpha,
  title   = {Alpha maml: Adaptive model-agnostic meta-learning},
  author  = {Behl, Harkirat Singh and Baydin, At{\i}l{\i}m G{\"u}ne{\c{s}} and Torr, Philip HS},
  journal = {arXiv preprint arXiv:1905.07435},
  year    = {2019}
}

@article{fallah2021generalization,
  title   = {Generalization of model-agnostic meta-learning algorithms: Recurring and unseen tasks},
  author  = {Fallah, Alireza and Mokhtari, Aryan and Ozdaglar, Asuman},
  journal = {Advances in Neural Information Processing Systems},
  volume  = {34},
  pages   = {5469--5480},
  year    = {2021}
}

@phdthesis{schmidhuber1987evolutionary,
  title  = {Evolutionary principles in self-referential learning, or on learning how to learn: the meta-meta-... hook},
  author = {Schmidhuber, J{\"u}rgen},
  year   = {1987},
  school = {Technische Universit{\"a}t M{\"u}nchen}
}

@article{schmidhuber1997shifting,
  title     = {Shifting inductive bias with success-story algorithm, adaptive Levin search, and incremental self-improvement},
  author    = {Schmidhuber, J{\"u}rgen and Zhao, Jieyu and Wiering, Marco},
  journal   = {Machine Learning},
  volume    = {28},
  pages     = {105--130},
  year      = {1997},
  publisher = {Springer}
}

@article{bertinetto2018meta,
  title   = {Meta-learning with differentiable closed-form solvers},
  author  = {Bertinetto, Luca and Henriques, Joao F and Torr, Philip HS and Vedaldi, Andrea},
  journal = {arXiv preprint arXiv:1805.08136},
  year    = {2018}
}

@article{rusu2018meta,
  title   = {Meta-learning with latent embedding optimization},
  author  = {Rusu, Andrei A and Rao, Dushyant and Sygnowski, Jakub and Vinyals, Oriol and Pascanu, Razvan and Osindero, Simon and Hadsell, Raia},
  journal = {arXiv preprint arXiv:1807.05960},
  year    = {2018}
}

@article{thrun1998learning,
  title     = {Learning to learn: Introduction and overview},
  author    = {Thrun, Sebastian and Pratt, Lorien},
  journal   = {Learning to learn},
  pages     = {3--17},
  year      = {1998},
  publisher = {Springer}
}

@article{mishra2017simple,
  title   = {A simple neural attentive meta-learner},
  author  = {Mishra, Nikhil and Rohaninejad, Mostafa and Chen, Xi and Abbeel, Pieter},
  journal = {arXiv preprint arXiv:1707.03141},
  year    = {2017}
}


@inproceedings{zhao2018dynamic,
  title     = {Dynamic conditional networks for few-shot learning},
  author    = {Zhao, Fang and Zhao, Jian and Yan, Shuicheng and Feng, Jiashi},
  booktitle = {Proceedings of the European conference on computer vision (ECCV)},
  pages     = {19--35},
  year      = {2018}
}

@inproceedings{santoro2016meta,
  title        = {Meta-learning with memory-augmented neural networks},
  author       = {Santoro, Adam and Bartunov, Sergey and Botvinick, Matthew and Wierstra, Daan and Lillicrap, Timothy},
  booktitle    = {International conference on machine learning},
  pages        = {1842--1850},
  year         = {2016},
  organization = {PMLR}
}

@article{ramalho2019adaptive,
  title   = {Adaptive posterior learning: few-shot learning with a surprise-based memory module},
  author  = {Ramalho, Tiago and Garnelo, Marta},
  journal = {arXiv preprint arXiv:1902.02527},
  year    = {2019}
}

@inproceedings{munkhdalai2017meta,
  title        = {Meta networks},
  author       = {Munkhdalai, Tsendsuren and Yu, Hong},
  booktitle    = {International conference on machine learning},
  pages        = {2554--2563},
  year         = {2017},
  organization = {PMLR}
}

@inproceedings{xu2017few,
  title     = {Few-shot object recognition from machine-labeled web images},
  author    = {Xu, Zhongwen and Zhu, Linchao and Yang, Yi},
  booktitle = {Proceedings of the IEEE Conference on Computer Vision and Pattern Recognition},
  pages     = {1164--1172},
  year      = {2017}
}

@article{kaiser2017learning,
  title   = {Learning to remember rare events},
  author  = {Kaiser, {\L}ukasz and Nachum, Ofir and Roy, Aurko and Bengio, Samy},
  journal = {arXiv preprint arXiv:1703.03129},
  year    = {2017}
}

@article{vapnik1999overview,
  title     = {An overview of statistical learning theory},
  author    = {Vapnik, Vladimir N},
  journal   = {IEEE transactions on neural networks},
  volume    = {10},
  number    = {5},
  pages     = {988--999},
  year      = {1999},
  publisher = {IEEE}
}

@inproceedings{joachims1999transductive,
  title     = {Transductive inference for text classification using support vector machines},
  author    = {Joachims, Thorsten and others},
  booktitle = {Icml},
  volume    = {99},
  pages     = {200--209},
  year      = {1999}
}

@article{cortes1995support,
  title     = {Support-vector networks},
  author    = {Cortes, Corinna and Vapnik, Vladimir},
  journal   = {Machine learning},
  volume    = {20},
  pages     = {273--297},
  year      = {1995},
  publisher = {Springer}
}

@article{zhou2003learning,
  title   = {Learning with local and global consistency},
  author  = {Zhou, Dengyong and Bousquet, Olivier and Lal, Thomas and Weston, Jason and Sch{\"o}lkopf, Bernhard},
  journal = {Advances in neural information processing systems},
  volume  = {16},
  year    = {2003}
}

@article{belhasin2022transboost,
  title   = {TransBoost: Improving the Best ImageNet Performance using Deep Transduction},
  author  = {Belhasin, Omer and Bar-Shalom, Guy and El-Yaniv, Ran},
  journal = {arXiv preprint arXiv:2205.13331},
  year    = {2022}
}

@article{nichol2018first,
  title   = {On first-order meta-learning algorithms},
  author  = {Nichol, Alex and Achiam, Joshua and Schulman, John},
  journal = {arXiv preprint arXiv:1803.02999},
  year    = {2018}
}

@article{dhillon2019baseline,
  title   = {A baseline for few-shot image classification},
  author  = {Dhillon, Guneet S and Chaudhari, Pratik and Ravichandran, Avinash and Soatto, Stefano},
  journal = {arXiv preprint arXiv:1909.02729},
  year    = {2019}
}

@inproceedings{qiao2019transductive,
  title     = {Transductive episodic-wise adaptive metric for few-shot learning},
  author    = {Qiao, Limeng and Shi, Yemin and Li, Jia and Wang, Yaowei and Huang, Tiejun and Tian, Yonghong},
  booktitle = {Proceedings of the IEEE/CVF international conference on computer vision},
  pages     = {3603--3612},
  year      = {2019}
}

@article{boudiaf2020information,
  title   = {Information maximization for few-shot learning},
  author  = {Boudiaf, Malik and Ziko, Imtiaz and Rony, J{\'e}r{\^o}me and Dolz, Jos{\'e} and Piantanida, Pablo and Ben Ayed, Ismail},
  journal = {Advances in Neural Information Processing Systems},
  volume  = {33},
  pages   = {2445--2457},
  year    = {2020}
}

@inproceedings{ziko2020laplacian,
  title        = {Laplacian regularized few-shot learning},
  author       = {Ziko, Imtiaz and Dolz, Jose and Granger, Eric and Ayed, Ismail Ben},
  booktitle    = {International conference on machine learning},
  pages        = {11660--11670},
  year         = {2020},
  organization = {PMLR}
}

@article{hou2019cross,
  title   = {Cross attention network for few-shot classification},
  author  = {Hou, Ruibing and Chang, Hong and Ma, Bingpeng and Shan, Shiguang and Chen, Xilin},
  journal = {Advances in Neural Information Processing Systems},
  volume  = {32},
  year    = {2019}
}

@inproceedings{kim2019edge,
  title     = {Edge-labeling graph neural network for few-shot learning},
  author    = {Kim, Jongmin and Kim, Taesup and Kim, Sungwoong and Yoo, Chang D},
  booktitle = {Proceedings of the IEEE/CVF conference on computer vision and pattern recognition},
  pages     = {11--20},
  year      = {2019}
}

@article{liu2018learning,
  title   = {Learning to propagate labels: Transductive propagation network for few-shot learning},
  author  = {Liu, Yanbin and Lee, Juho and Park, Minseop and Kim, Saehoon and Yang, Eunho and Hwang, Sung Ju and Yang, Yi},
  journal = {arXiv preprint arXiv:1805.10002},
  year    = {2018}
}

@inproceedings{lazarou2021iterative,
  title     = {Iterative label cleaning for transductive and semi-supervised few-shot learning},
  author    = {Lazarou, Michalis and Stathaki, Tania and Avrithis, Yannis},
  booktitle = {Proceedings of the ieee/cvf international conference on computer vision},
  pages     = {8751--8760},
  year      = {2021}
}

@inproceedings{rodriguez2020embedding,
  title        = {Embedding propagation: Smoother manifold for few-shot classification},
  author       = {Rodr{\'\i}guez, Pau and Laradji, Issam and Drouin, Alexandre and Lacoste, Alexandre},
  booktitle    = {Computer Vision--ECCV 2020: 16th European Conference, Glasgow, UK, August 23--28, 2020, Proceedings, Part XXVI 16},
  pages        = {121--138},
  year         = {2020},
  organization = {Springer}
}

@inproceedings{hu2021graph,
  title        = {Graph-based interpolation of feature vectors for accurate few-shot classification},
  author       = {Hu, Yuqing and Gripon, Vincent and Pateux, St{\'e}phane},
  booktitle    = {2020 25th International Conference on Pattern Recognition (ICPR)},
  pages        = {8164--8171},
  year         = {2021},
  organization = {IEEE}
}

@article{kye2020meta,
  title   = {Meta-learned confidence for few-shot learning},
  author  = {Kye, Seong Min and Lee, Hae Beom and Kim, Hoirin and Hwang, Sung Ju},
  journal = {arXiv preprint arXiv:2002.12017},
  year    = {2020}
}

@article{geng2020recent,
  title     = {Recent advances in open set recognition: A survey},
  author    = {Geng, Chuanxing and Huang, Sheng-jun and Chen, Songcan},
  journal   = {IEEE transactions on pattern analysis and machine intelligence},
  volume    = {43},
  number    = {10},
  pages     = {3614--3631},
  year      = {2020},
  publisher = {IEEE}
}

@article{boudiaf2023open,
  title   = {Open-Set Likelihood Maximization for Few-Shot Learning},
  author  = {Boudiaf, Malik and Bennequin, Etienne and Tami, Myriam and Toubhans, Antoine and Piantanida, Pablo and Hudelot, C{\'e}line and Ayed, Ismail Ben},
  journal = {arXiv preprint arXiv:2301.08390},
  year    = {2023}
}

@inproceedings{bendale2016towards,
  title     = {Towards open set deep networks},
  author    = {Bendale, Abhijit and Boult, Terrance E},
  booktitle = {Proceedings of the IEEE conference on computer vision and pattern recognition},
  pages     = {1563--1572},
  year      = {2016}
}

@inproceedings{jo2018open,
  title        = {Open set recognition by regularising classifier with fake data generated by generative adversarial networks},
  author       = {Jo, Inhyuk and Kim, Jungtaek and Kang, Hyohyeong and Kim, Yong-Deok and Choi, Seungjin},
  booktitle    = {2018 IEEE international conference on acoustics, speech and signal processing (ICASSP)},
  pages        = {2686--2690},
  year         = {2018},
  organization = {IEEE}
}

@article{martin2022towards,
  title   = {Towards Practical Few-Shot Query Sets: Transductive Minimum Description Length Inference},
  author  = {Martin, S{\'e}gol{\`e}ne and Boudiaf, Malik and Chouzenoux, Emilie and Pesquet, Jean-Christophe and Ayed, Ismail},
  journal = {Advances in Neural Information Processing Systems},
  volume  = {35},
  pages   = {34677--34688},
  year    = {2022}
}

@inproceedings{gidaris2018dynamic,
  title     = {Dynamic few-shot visual learning without forgetting},
  author    = {Gidaris, Spyros and Komodakis, Nikos},
  booktitle = {Proceedings of the IEEE conference on computer vision and pattern recognition},
  pages     = {4367--4375},
  year      = {2018}
}


@article{robins1995catastrophic,
  title     = {Catastrophic forgetting, rehearsal and pseudorehearsal},
  author    = {Robins, Anthony},
  journal   = {Connection Science},
  volume    = {7},
  number    = {2},
  pages     = {123--146},
  year      = {1995},
  publisher = {Taylor \& Francis}
}

@inproceedings{li2019learn,
  title        = {Learn to grow: A continual structure learning framework for overcoming catastrophic forgetting},
  author       = {Li, Xilai and Zhou, Yingbo and Wu, Tianfu and Socher, Richard and Xiong, Caiming},
  booktitle    = {International Conference on Machine Learning},
  pages        = {3925--3934},
  year         = {2019},
  organization = {PMLR}
}

@article{wang2018deep,
  title     = {Deep visual domain adaptation: A survey},
  author    = {Wang, Mei and Deng, Weihong},
  journal   = {Neurocomputing},
  volume    = {312},
  pages     = {135--153},
  year      = {2018},
  publisher = {Elsevier}
}

@inproceedings{tzeng2015simultaneous,
  title     = {Simultaneous deep transfer across domains and tasks},
  author    = {Tzeng, Eric and Hoffman, Judy and Darrell, Trevor and Saenko, Kate},
  booktitle = {Proceedings of the IEEE international conference on computer vision},
  pages     = {4068--4076},
  year      = {2015}
}

@inproceedings{gebru2017fine,
  title     = {Fine-grained recognition in the wild: A multi-task domain adaptation approach},
  author    = {Gebru, Timnit and Hoffman, Judy and Fei-Fei, Li},
  booktitle = {Proceedings of the IEEE international conference on computer vision},
  pages     = {1349--1358},
  year      = {2017}
}

@inproceedings{motiian2017unified,
  title     = {Unified deep supervised domain adaptation and generalization},
  author    = {Motiian, Saeid and Piccirilli, Marco and Adjeroh, Donald A and Doretto, Gianfranco},
  booktitle = {Proceedings of the IEEE international conference on computer vision},
  pages     = {5715--5725},
  year      = {2017}
}

@inproceedings{long2015learning,
  title        = {Learning transferable features with deep adaptation networks},
  author       = {Long, Mingsheng and Cao, Yue and Wang, Jianmin and Jordan, Michael},
  booktitle    = {International conference on machine learning},
  pages        = {97--105},
  year         = {2015},
  organization = {PMLR}
}

@article{tzeng2014deep,
  title   = {Deep domain confusion: Maximizing for domain invariance},
  author  = {Tzeng, Eric and Hoffman, Judy and Zhang, Ning and Saenko, Kate and Darrell, Trevor},
  journal = {arXiv preprint arXiv:1412.3474},
  year    = {2014}
}

@inproceedings{ghifary2014domain,
  title        = {Domain adaptive neural networks for object recognition},
  author       = {Ghifary, Muhammad and Kleijn, W Bastiaan and Zhang, Mengjie},
  booktitle    = {PRICAI 2014: Trends in Artificial Intelligence: 13th Pacific Rim International Conference on Artificial Intelligence, Gold Coast, QLD, Australia, December 1-5, 2014. Proceedings 13},
  pages        = {898--904},
  year         = {2014},
  organization = {Springer}
}

@inproceedings{long2017deep,
  title        = {Deep transfer learning with joint adaptation networks},
  author       = {Long, Mingsheng and Zhu, Han and Wang, Jianmin and Jordan, Michael I},
  booktitle    = {International conference on machine learning},
  pages        = {2208--2217},
  year         = {2017},
  organization = {PMLR}
}

@article{zellinger2017central,
  title   = {Central moment discrepancy (cmd) for domain-invariant representation learning},
  author  = {Zellinger, Werner and Grubinger, Thomas and Lughofer, Edwin and Natschl{\"a}ger, Thomas and Saminger-Platz, Susanne},
  journal = {arXiv preprint arXiv:1702.08811},
  year    = {2017}
}

@inproceedings{zhuang2015supervised,
  title     = {Supervised representation learning: Transfer learning with deep autoencoders},
  author    = {Zhuang, Fuzhen and Cheng, Xiaohu and Luo, Ping and Pan, Sinno Jialin and He, Qing},
  booktitle = {Twenty-fourth international joint conference on artificial intelligence},
  year      = {2015}
}

@inproceedings{sun2016return,
  title     = {Return of frustratingly easy domain adaptation},
  author    = {Sun, Baochen and Feng, Jiashi and Saenko, Kate},
  booktitle = {Proceedings of the AAAI conference on artificial intelligence},
  volume    = {30},
  number    = {1},
  year      = {2016}
}

@article{rozantsev2018beyond,
  title     = {Beyond sharing weights for deep domain adaptation},
  author    = {Rozantsev, Artem and Salzmann, Mathieu and Fua, Pascal},
  journal   = {IEEE transactions on pattern analysis and machine intelligence},
  volume    = {41},
  number    = {4},
  pages     = {801--814},
  year      = {2018},
  publisher = {IEEE}
}

@article{li2016revisiting,
  title   = {Revisiting batch normalization for practical domain adaptation},
  author  = {Li, Yanghao and Wang, Naiyan and Shi, Jianping and Liu, Jiaying and Hou, Xiaodi},
  journal = {arXiv preprint arXiv:1603.04779},
  year    = {2016}
}

@inproceedings{tzeng2017adversarial,
  title     = {Adversarial discriminative domain adaptation},
  author    = {Tzeng, Eric and Hoffman, Judy and Saenko, Kate and Darrell, Trevor},
  booktitle = {Proceedings of the IEEE conference on computer vision and pattern recognition},
  pages     = {7167--7176},
  year      = {2017}
}

@inproceedings{isola2017image,
  title     = {Image-to-image translation with conditional adversarial networks},
  author    = {Isola, Phillip and Zhu, Jun-Yan and Zhou, Tinghui and Efros, Alexei A},
  booktitle = {Proceedings of the IEEE conference on computer vision and pattern recognition},
  pages     = {1125--1134},
  year      = {2017}
}

@article{goodfellow2020generative,
  title     = {Generative adversarial networks},
  author    = {Goodfellow, Ian and Pouget-Abadie, Jean and Mirza, Mehdi and Xu, Bing and Warde-Farley, David and Ozair, Sherjil and Courville, Aaron and Bengio, Yoshua},
  journal   = {Communications of the ACM},
  volume    = {63},
  number    = {11},
  pages     = {139--144},
  year      = {2020},
  publisher = {ACM New York, NY, USA}
}

@article{liu2016coupled,
  title   = {Coupled generative adversarial networks},
  author  = {Liu, Ming-Yu and Tuzel, Oncel},
  journal = {Advances in neural information processing systems},
  volume  = {29},
  year    = {2016}
}

@inproceedings{CycleGAN2017,
  title     = {Unpaired Image-to-Image Translation using Cycle-Consistent Adversarial Networks},
  author    = {Zhu, Jun-Yan and Park, Taesung and Isola, Phillip and Efros, Alexei A},
  booktitle = {Computer Vision (ICCV), 2017 IEEE International Conference on},
  year      = {2017}
}

@inproceedings{hoffman2018cycada,
  title        = {Cycada: Cycle-consistent adversarial domain adaptation},
  author       = {Hoffman, Judy and Tzeng, Eric and Park, Taesung and Zhu, Jun-Yan and Isola, Phillip and Saenko, Kate and Efros, Alexei and Darrell, Trevor},
  booktitle    = {International conference on machine learning},
  pages        = {1989--1998},
  year         = {2018},
  organization = {Pmlr}
}

@inproceedings{sohl2015deep,
  title        = {Deep unsupervised learning using nonequilibrium thermodynamics},
  author       = {Sohl-Dickstein, Jascha and Weiss, Eric and Maheswaranathan, Niru and Ganguli, Surya},
  booktitle    = {International Conference on Machine Learning},
  pages        = {2256--2265},
  year         = {2015},
  organization = {PMLR}
}

@article{ho2020denoising,
  title   = {Denoising diffusion probabilistic models},
  author  = {Ho, Jonathan and Jain, Ajay and Abbeel, Pieter},
  journal = {Advances in Neural Information Processing Systems},
  volume  = {33},
  pages   = {6840--6851},
  year    = {2020}
}

@article{zhang2023diffusion,
  title   = {Diffusion-based Target Sampler for Unsupervised Domain Adaptation},
  author  = {Zhang, Yulong and Chen, Shuhao and Zhang, Yu and Lu, Jiangang},
  journal = {arXiv preprint arXiv:2303.12724},
  year    = {2023}
}

@inproceedings{ghifary2016deep,
  title        = {Deep reconstruction-classification networks for unsupervised domain adaptation},
  author       = {Ghifary, Muhammad and Kleijn, W Bastiaan and Zhang, Mengjie and Balduzzi, David and Li, Wen},
  booktitle    = {Computer Vision--ECCV 2016: 14th European Conference, Amsterdam, The Netherlands, October 11--14, 2016, Proceedings, Part IV 14},
  pages        = {597--613},
  year         = {2016},
  organization = {Springer}
}

@article{bousmalis2016domain,
  title   = {Domain separation networks},
  author  = {Bousmalis, Konstantinos and Trigeorgis, George and Silberman, Nathan and Krishnan, Dilip and Erhan, Dumitru},
  journal = {Advances in neural information processing systems},
  volume  = {29},
  year    = {2016}
}

@inproceedings{kim2017learning,
  title        = {Learning to discover cross-domain relations with generative adversarial networks},
  author       = {Kim, Taeksoo and Cha, Moonsu and Kim, Hyunsoo and Lee, Jung Kwon and Kim, Jiwon},
  booktitle    = {International conference on machine learning},
  pages        = {1857--1865},
  year         = {2017},
  organization = {PMLR}
}

@article{triantafillou2019meta,
  title   = {Meta-dataset: A dataset of datasets for learning to learn from few examples},
  author  = {Triantafillou, Eleni and Zhu, Tyler and Dumoulin, Vincent and Lamblin, Pascal and Evci, Utku and Xu, Kelvin and Goroshin, Ross and Gelada, Carles and Swersky, Kevin and Manzagol, Pierre-Antoine and others},
  journal = {arXiv preprint arXiv:1903.03096},
  year    = {2019}
}

@inproceedings{fu2021meta,
  title     = {Meta-fdmixup: Cross-domain few-shot learning guided by labeled target data},
  author    = {Fu, Yuqian and Fu, Yanwei and Jiang, Yu-Gang},
  booktitle = {Proceedings of the 29th ACM International Conference on Multimedia},
  pages     = {5326--5334},
  year      = {2021}
}

@article{zhang2017mixup,
  title   = {mixup: Beyond empirical risk minimization},
  author  = {Zhang, Hongyi and Cisse, Moustapha and Dauphin, Yann N and Lopez-Paz, David},
  journal = {arXiv preprint arXiv:1710.09412},
  year    = {2017}
}

@inproceedings{zhao2021domain,
  title     = {Domain-adaptive few-shot learning},
  author    = {Zhao, An and Ding, Mingyu and Lu, Zhiwu and Xiang, Tao and Niu, Yulei and Guan, Jiechao and Wen, Ji-Rong},
  booktitle = {Proceedings of the IEEE/CVF Winter Conference on Applications of Computer Vision},
  pages     = {1390--1399},
  year      = {2021}
}

@inproceedings{chen2022cross,
  title        = {Cross-Domain Cross-Set Few-Shot Learning via Learning Compact and Aligned Representations},
  author       = {Chen, Wentao and Zhang, Zhang and Wang, Wei and Wang, Liang and Wang, Zilei and Tan, Tieniu},
  booktitle    = {Computer Vision--ECCV 2022: 17th European Conference, Tel Aviv, Israel, October 23--27, 2022, Proceedings, Part XX},
  pages        = {383--399},
  year         = {2022},
  organization = {Springer}
}

@inproceedings{zhuo2022tgdm,
  title     = {TGDM: Target Guided Dynamic Mixup for Cross-Domain Few-Shot Learning},
  author    = {Zhuo, Linhai and Fu, Yuqian and Chen, Jingjing and Cao, Yixin and Jiang, Yu-Gang},
  booktitle = {Proceedings of the 30th ACM International Conference on Multimedia},
  pages     = {6368--6376},
  year      = {2022}
}

@article{ganin2016domain,
  title     = {Domain-adversarial training of neural networks},
  author    = {Ganin, Yaroslav and Ustinova, Evgeniya and Ajakan, Hana and Germain, Pascal and Larochelle, Hugo and Laviolette, Fran{\c{c}}ois and Marchand, Mario and Lempitsky, Victor},
  journal   = {The journal of machine learning research},
  volume    = {17},
  number    = {1},
  pages     = {2096--2030},
  year      = {2016},
  publisher = {JMLR. org}
}

@inproceedings{fu2022me,
  title     = {ME-D2N: Multi-Expert Domain Decompositional Network for Cross-Domain Few-Shot Learning},
  author    = {Fu, Yuqian and Xie, Yu and Fu, Yanwei and Chen, Jingjing and Jiang, Yu-Gang},
  booktitle = {Proceedings of the 30th ACM International Conference on Multimedia},
  pages     = {6609--6617},
  year      = {2022}
}

@inproceedings{li2021universal,
  title     = {Universal representation learning from multiple domains for few-shot classification},
  author    = {Li, Wei-Hong and Liu, Xialei and Bilen, Hakan},
  booktitle = {Proceedings of the IEEE/CVF International Conference on Computer Vision},
  pages     = {9526--9535},
  year      = {2021}
}

@inproceedings{oh2022refine,
  title     = {ReFine: Re-randomization before Fine-tuning for Cross-domain Few-shot Learning},
  author    = {Oh, Jaehoon and Kim, Sungnyun and Ho, Namgyu and Kim, Jin-Hwa and Song, Hwanjun and Yun, Se-Young},
  booktitle = {Proceedings of the 31st ACM International Conference on Information \& Knowledge Management},
  pages     = {4359--4363},
  year      = {2022}
}

@article{yao2021cross,
  title   = {Cross-domain few-shot learning with unlabelled data},
  author  = {Yao, Fupin},
  journal = {arXiv preprint arXiv:2101.07899},
  year    = {2021}
}

@article{zhang2022few,
  title   = {Few-Shot Adaptation of Pre-Trained Networks for Domain Shift},
  author  = {Zhang, Wenyu and Shen, Li and Zhang, Wanyue and Foo, Chuan-Sheng},
  journal = {arXiv preprint arXiv:2205.15234},
  year    = {2022}
}

@inproceedings{hu2022adversarial,
  title        = {Adversarial Feature Augmentation for Cross-domain Few-Shot Classification},
  author       = {Hu, Yanxu and Ma, Andy J},
  booktitle    = {Computer Vision--ECCV 2022: 17th European Conference, Tel Aviv, Israel, October 23--27, 2022, Proceedings, Part XX},
  pages        = {20--37},
  year         = {2022},
  organization = {Springer}
}

@inproceedings{perez2020incremental,
  title     = {Incremental few-shot object detection},
  author    = {Perez-Rua, Juan-Manuel and Zhu, Xiatian and Hospedales, Timothy M and Xiang, Tao},
  booktitle = {Proceedings of the IEEE/CVF Conference on Computer Vision and Pattern Recognition},
  pages     = {13846--13855},
  year      = {2020}
}


@article{chen2022few,
  title     = {Few Shot Object Detection for SAR Images via Feature Enhancement and Dynamic Relationship Modeling},
  author    = {Chen, Shiqi and Zhang, Jun and Zhan, Ronghui and Zhu, Rongqiang and Wang, Wei},
  journal   = {Remote Sensing},
  volume    = {14},
  number    = {15},
  pages     = {3669},
  year      = {2022},
  publisher = {MDPI}
}

@article{ouyang2022few,
  title     = {Few-shot object detection based on positive-sample improvement},
  author    = {Ouyang, Yan and Wang, Xin-qing and Hu, Rui-zhe and Xu, Hong-hui},
  journal   = {Defence Technology},
  year      = {2022},
  publisher = {Elsevier}
}

@inproceedings{zhao2022semantic,
  title     = {Semantic-aligned fusion transformer for one-shot object detection},
  author    = {Zhao, Yizhou and Guo, Xun and Lu, Yan},
  booktitle = {Proceedings of the IEEE/CVF Conference on Computer Vision and Pattern Recognition},
  pages     = {7601--7611},
  year      = {2022}
}

@article{liu2023transformation,
  title   = {Transformation-Invariant Network for Few-Shot Object Detection in Remote Sensing Images},
  author  = {Liu, Nanqing and Xu, Xun and Celik, Turgay and Gan, Zongxin and Li, Heng-Chao},
  journal = {arXiv preprint arXiv:2303.06817},
  year    = {2023}
}

@inproceedings{yin2022sylph,
  title     = {Sylph: A hypernetwork framework for incremental few-shot object detection},
  author    = {Yin, Li and Perez-Rua, Juan M and Liang, Kevin J},
  booktitle = {Proceedings of the IEEE/CVF Conference on Computer Vision and Pattern Recognition},
  pages     = {9035--9045},
  year      = {2022}
}

@inproceedings{lee2022few,
  title     = {Few-shot object detection by attending to per-sample-prototype},
  author    = {Lee, Hojun and Lee, Myunggi and Kwak, Nojun},
  booktitle = {Proceedings of the IEEE/CVF Winter Conference on Applications of Computer Vision},
  pages     = {2445--2454},
  year      = {2022}
}

@inproceedings{zhang2022kernelized,
  title     = {Kernelized few-shot object detection with efficient integral aggregation},
  author    = {Zhang, Shan and Wang, Lei and Murray, Naila and Koniusz, Piotr},
  booktitle = {Proceedings of the IEEE/CVF Conference on Computer Vision and Pattern Recognition},
  pages     = {19207--19216},
  year      = {2022}
}

@inproceedings{jiang2023few,
  title     = {Few-Shot Object Detection via Improved Classification Features},
  author    = {Jiang, Xinyu and Li, Zhengjia and Tian, Maoqing and Liu, Jianbo and Yi, Shuai and Miao, Duoqian},
  booktitle = {Proceedings of the IEEE/CVF Winter Conference on Applications of Computer Vision},
  pages     = {5386--5395},
  year      = {2023}
}

@inproceedings{zhao2021morphable,
  title     = {Morphable detector for object detection on demand},
  author    = {Zhao, Xiangyun and Zou, Xu and Wu, Ying},
  booktitle = {Proceedings of the IEEE/CVF International Conference on Computer Vision},
  pages     = {4771--4780},
  year      = {2021}
}

@article{lu2022decoupled,
  title     = {Decoupled metric network for single-stage few-shot object detection},
  author    = {Lu, Yue and Chen, Xingyu and Wu, Zhengxing and Yu, Junzhi},
  journal   = {IEEE Transactions on Cybernetics},
  volume    = {53},
  number    = {1},
  pages     = {514--525},
  year      = {2022},
  publisher = {IEEE}
}

@inproceedings{kaul2022label,
  title     = {Label, verify, correct: A simple few shot object detection method},
  author    = {Kaul, Prannay and Xie, Weidi and Zisserman, Andrew},
  booktitle = {Proceedings of the IEEE/CVF conference on computer vision and pattern recognition},
  pages     = {14237--14247},
  year      = {2022}
}

@inproceedings{li2021few,
  title     = {Few-shot object detection via classification refinement and distractor retreatment},
  author    = {Li, Yiting and Zhu, Haiyue and Cheng, Yu and Wang, Wenxin and Teo, Chek Sing and Xiang, Cheng and Vadakkepat, Prahlad and Lee, Tong Heng},
  booktitle = {Proceedings of the IEEE/CVF Conference on Computer Vision and Pattern Recognition},
  pages     = {15395--15403},
  year      = {2021}
}

@article{wang2022context,
  title     = {Context Information Refinement for Few-Shot Object Detection in Remote Sensing Images},
  author    = {Wang, Yan and Xu, Chaofei and Liu, Cuiwei and Li, Zhaokui},
  journal   = {Remote Sensing},
  volume    = {14},
  number    = {14},
  pages     = {3255},
  year      = {2022},
  publisher = {MDPI}
}

@article{zhou2022few,
  title     = {Few-shot object detection via context-aware aggregation for remote sensing images},
  author    = {Zhou, Yong and Hu, Han and Zhao, Jiaqi and Zhu, Hancheng and Yao, Rui and Du, Wen-Liang},
  journal   = {IEEE Geoscience and Remote Sensing Letters},
  volume    = {19},
  pages     = {1--5},
  year      = {2022},
  publisher = {IEEE}
}

@article{lin2023effective,
  title   = {An Effective Crop-Paste Pipeline for Few-shot Object Detection},
  author  = {Lin, Shaobo and Wang, Kun and Zeng, Xingyu and Zhao, Rui},
  journal = {arXiv preprint arXiv:2302.14452},
  year    = {2023}
}

@article{dong2022incremental,
  title   = {Incremental-detr: Incremental few-shot object detection via self-supervised learning},
  author  = {Dong, Na and Zhang, Yongqiang and Ding, Mingli and Lee, Gim Hee},
  journal = {arXiv preprint arXiv:2205.04042},
  year    = {2022}
}

@inproceedings{liu2022novel,
  title        = {Novel instance mining with pseudo-margin evaluation for few-shot object detection},
  author       = {Liu, Weijie and Wang, Chong and Yu, Shenghao and Tao, Chenchen and Wang, Jun and Wu, Jiafei},
  booktitle    = {ICASSP 2022-2022 IEEE International Conference on Acoustics, Speech and Signal Processing (ICASSP)},
  pages        = {2250--2254},
  year         = {2022},
  organization = {IEEE}
}

@inproceedings{she2022fast,
  title        = {Fast Hierarchical Learning for Few-Shot Object Detection},
  author       = {She, Yihang and Bhat, Goutam and Danelljan, Martin and Yu, Fisher},
  booktitle    = {2022 IEEE/RSJ International Conference on Intelligent Robots and Systems (IROS)},
  pages        = {1993--2000},
  year         = {2022},
  organization = {IEEE}
}

@inproceedings{wu2022multi,
  title        = {Multi-faceted Distillation of Base-Novel Commonality for Few-Shot Object Detection},
  author       = {Wu, Shuang and Pei, Wenjie and Mei, Dianwen and Chen, Fanglin and Tian, Jiandong and Lu, Guangming},
  booktitle    = {Computer Vision--ECCV 2022: 17th European Conference, Tel Aviv, Israel, October 23--27, 2022, Proceedings, Part IX},
  pages        = {578--594},
  year         = {2022},
  organization = {Springer}
}

@inproceedings{guirguis2022cfa,
  title     = {CFA: Constraint-based Finetuning Approach for Generalized Few-Shot Object Detection},
  author    = {Guirguis, Karim and Hendawy, Ahmed and Eskandar, George and Abdelsamad, Mohamed and Kayser, Matthias and Beyerer, J{\"u}rgen},
  booktitle = {Proceedings of the IEEE/CVF Conference on Computer Vision and Pattern Recognition},
  pages     = {4039--4049},
  year      = {2022}
}

@article{huang2022survey,
  title     = {A survey of self-supervised and few-shot object detection},
  author    = {Huang, Gabriel and Laradji, Issam and Vazquez, David and Lacoste-Julien, Simon and Rodriguez, Pau},
  journal   = {IEEE Transactions on Pattern Analysis and Machine Intelligence},
  year      = {2022},
  publisher = {IEEE}
}

@article{kohler2021few,
  title   = {Few-Shot Object Detection: A Comprehensive Survey},
  author  = {Kohler, Mona and Eisenbach, Markus and Gross, Horst-Michael},
  journal = {IEEE transactions on neural networks and learning systems},
  year    = {2021}
}

@article{jiaxu2021comparative,
  title   = {A comparative review of recent few-shot object detection algorithms},
  author  = {Jiaxu, Leng and Taiyue, Chen and Xinbo, Gao and Yongtao, Yu and Ye, Wang and Feng, Gao and Yue, Wang},
  journal = {arXiv preprint arXiv:2111.00201},
  year    = {2021}
}

@article{liu2022few,
  title     = {Few-Shot Object Detection in Remote Sensing Image Interpretation: Opportunities and Challenges},
  author    = {Liu, Sixu and You, Yanan and Su, Haozheng and Meng, Gang and Yang, Wei and Liu, Fang},
  journal   = {Remote Sensing},
  volume    = {14},
  number    = {18},
  pages     = {4435},
  year      = {2022},
  publisher = {MDPI}
}

@inproceedings{zhao2022oa,
  title     = {OA-FSUI2IT: A Novel Few-Shot Cross Domain Object Detection Framework with Object-Aware Few-Shot Unsupervised Image-to-Image Translation},
  author    = {Zhao, Lifan and Meng, Yunlong and Xu, Lin},
  booktitle = {Proceedings of the AAAI Conference on Artificial Intelligence},
  volume    = {36},
  number    = {3},
  pages     = {3426--3435},
  year      = {2022}
}

@inproceedings{gao2022acrofod,
  title        = {AcroFOD: An Adaptive Method for Cross-Domain Few-Shot Object Detection},
  author       = {Gao, Yipeng and Yang, Lingxiao and Huang, Yunmu and Xie, Song and Li, Shiyong and Zheng, Wei-Shi},
  booktitle    = {Computer Vision--ECCV 2022: 17th European Conference, Tel Aviv, Israel, October 23--27, 2022, Proceedings, Part XXXIII},
  pages        = {673--690},
  year         = {2022},
  organization = {Springer}
}

@inproceedings{nakamura2022few,
  title     = {Few-shot Adaptive Object Detection with Cross-Domain CutMix},
  author    = {Nakamura, Yuzuru and Ishii, Yasunori and Maruyama, Yuki and Yamashita, Takayoshi},
  booktitle = {Proceedings of the Asian Conference on Computer Vision},
  pages     = {1350--1367},
  year      = {2022}
}

@article{xiong2022cd,
  title   = {CD-FSOD: A Benchmark for Cross-domain Few-shot Object Detection},
  author  = {Xiong, Wuti and Liu, Li},
  journal = {arXiv preprint arXiv:2210.05311},
  year    = {2022}
}

@inproceedings{lee2022rethinking,
  title        = {Rethinking Few-Shot Object Detection on a Multi-Domain Benchmark},
  author       = {Lee, Kibok and Yang, Hao and Chakraborty, Satyaki and Cai, Zhaowei and Swaminathan, Gurumurthy and Ravichandran, Avinash and Dabeer, Onkar},
  booktitle    = {Computer Vision--ECCV 2022: 17th European Conference, Tel Aviv, Israel, October 23--27, 2022, Proceedings, Part XX},
  pages        = {366--382},
  year         = {2022},
  organization = {Springer}
}

@inproceedings{rahman2019transductive,
  title     = {Transductive learning for zero-shot object detection},
  author    = {Rahman, Shafin and Khan, Salman and Barnes, Nick},
  booktitle = {Proceedings of the IEEE/CVF International Conference on Computer Vision},
  pages     = {6082--6091},
  year      = {2019}
}

@article{zhou2022fsods,
  title     = {FSODS: A Lightweight Metalearning Method for Few-Shot Object Detection on SAR Images},
  author    = {Zhou, Zheng and Chen, Jie and Huang, Zhixiang and Wan, Huiyao and Chang, Pei and Li, Zhao and Yao, Baidong and Wu, BoCai and Sun, Long and Xing, Mengdao},
  journal   = {IEEE Transactions on Geoscience and Remote Sensing},
  volume    = {60},
  pages     = {1--17},
  year      = {2022},
  publisher = {IEEE}
}

@inproceedings{wang2019meta,
  title     = {Meta-learning to detect rare objects},
  author    = {Wang, Yu-Xiong and Ramanan, Deva and Hebert, Martial},
  booktitle = {Proceedings of the IEEE/CVF International Conference on Computer Vision},
  pages     = {9925--9934},
  year      = {2019}
}

@inproceedings{han2022meta,
  title     = {Meta faster r-cnn: Towards accurate few-shot object detection with attentive feature alignment},
  author    = {Han, Guangxing and Huang, Shiyuan and Ma, Jiawei and He, Yicheng and Chang, Shih-Fu},
  booktitle = {Proceedings of the AAAI Conference on Artificial Intelligence},
  volume    = {36},
  number    = {1},
  pages     = {780--789},
  year      = {2022}
}

@inproceedings{bansal2018zero,
  title     = {Zero-shot object detection},
  author    = {Bansal, Ankan and Sikka, Karan and Sharma, Gaurav and Chellappa, Rama and Divakaran, Ajay},
  booktitle = {Proceedings of the European Conference on Computer Vision (ECCV)},
  pages     = {384--400},
  year      = {2018}
}


@article{han2022multimodal,
  title   = {Multimodal few-shot object detection with meta-learning based cross-modal prompting},
  author  = {Han, Guangxing and Ma, Jiawei and Huang, Shiyuan and Chen, Long and Chellappa, Rama and Chang, Shih-Fu},
  journal = {arXiv preprint arXiv:2204.07841},
  year    = {2022}
}

@inproceedings{gao2022decoupling,
  title     = {Decoupling Classifier for Boosting Few-shot Object Detection and Instance Segmentation},
  author    = {Gao, Bin-Bin and Chen, Xiaochen and Huang, Zhongyi and Nie, Congchong and Liu, Jun and Lai, Jinxiang and Jiang, Guannan and Wang, Xi and Wang, Chengjie},
  booktitle = {Advances in Neural Information Processing Systems},
  year      = {2022}
}

@inproceedings{qiao2021defrcn,
  title     = {Defrcn: Decoupled faster r-cnn for few-shot object detection},
  author    = {Qiao, Limeng and Zhao, Yuxuan and Li, Zhiyuan and Qiu, Xi and Wu, Jianan and Zhang, Chi},
  booktitle = {Proceedings of the IEEE/CVF International Conference on Computer Vision},
  pages     = {8681--8690},
  year      = {2021}
}

@inproceedings{wang2019few,
  title     = {Few-shot adaptive faster r-cnn},
  author    = {Wang, Tao and Zhang, Xiaopeng and Yuan, Li and Feng, Jiashi},
  booktitle = {Proceedings of the IEEE/CVF Conference on Computer Vision and Pattern Recognition},
  pages     = {7173--7182},
  year      = {2019}
}

 @misc{artaxor2020,
	title={Arthropod Taxonomy Orders Object Detection Dataset},
	url={https://www.kaggle.com/dsv/1240192},
	DOI={10.34740/KAGGLE/DSV/1240192},
	publisher={Kaggle},
	author={Geir Drange},
	year={2020}
}

@inproceedings{jiang2021underwater,
  title     = {Underwater species detection using channel sharpening attention},
  author    = {Jiang, Lihao and Wang, Yi and Jia, Qi and Xu, Shengwei and Liu, Yu and Fan, Xin and Li, Haojie and Liu, Risheng and Xue, Xinwei and Wang, Ruili},
  booktitle = {Proceedings of the 29th ACM International Conference on Multimedia},
  pages     = {4259--4267},
  year      = {2021}
}

@article{kingma2014adam,
  title   = {Adam: A method for stochastic optimization},
  author  = {Kingma, Diederik P and Ba, Jimmy},
  journal = {arXiv preprint arXiv:1412.6980},
  year    = {2014}
}

@article{deng2012mnist,
  title     = {The mnist database of handwritten digit images for machine learning research},
  author    = {Deng, Li},
  journal   = {IEEE Signal Processing Magazine},
  volume    = {29},
  number    = {6},
  pages     = {141--142},
  year      = {2012},
  publisher = {IEEE}
}


@article{van2008visualizing,
  title   = {Visualizing data using t-SNE.},
  author  = {Van der Maaten, Laurens and Hinton, Geoffrey},
  journal = {Journal of machine learning research},
  volume  = {9},
  number  = {11},
  year    = {2008}
}

@article{kingma2013auto,
  title   = {Auto-encoding variational bayes},
  author  = {Kingma, Diederik P and Welling, Max},
  journal = {arXiv preprint arXiv:1312.6114},
  year    = {2013}
}

@inproceedings{rombach2022high,
  title     = {High-resolution image synthesis with latent diffusion models},
  author    = {Rombach, Robin and Blattmann, Andreas and Lorenz, Dominik and Esser, Patrick and Ommer, Bj{\"o}rn},
  booktitle = {Proceedings of the IEEE/CVF Conference on Computer Vision and Pattern Recognition},
  pages     = {10684--10695},
  year      = {2022}
}

@inproceedings{nichol2021improved,
  title        = {Improved denoising diffusion probabilistic models},
  author       = {Nichol, Alexander Quinn and Dhariwal, Prafulla},
  booktitle    = {International Conference on Machine Learning},
  pages        = {8162--8171},
  year         = {2021},
  organization = {PMLR}
}

@article{song2020denoising,
  title   = {Denoising diffusion implicit models},
  author  = {Song, Jiaming and Meng, Chenlin and Ermon, Stefano},
  journal = {arXiv preprint arXiv:2010.02502},
  year    = {2020}
}

@article{ho2022cascaded,
  title   = {Cascaded Diffusion Models for High Fidelity Image Generation.},
  author  = {Ho, Jonathan and Saharia, Chitwan and Chan, William and Fleet, David J and Norouzi, Mohammad and Salimans, Tim},
  journal = {J. Mach. Learn. Res.},
  volume  = {23},
  number  = {47},
  pages   = {1--33},
  year    = {2022}
}

@article{weng2021diffusion,
  title   = {What are diffusion models?},
  author  = {Weng, Lilian},
  journal = {lilianweng.github.io},
  year    = {2021},
  month   = {Jul},
  url     = {https://lilianweng.github.io/posts/2021-07-11-diffusion-models/}
}

@inproceedings{karras2019style,
  title     = {A style-based generator architecture for generative adversarial networks},
  author    = {Karras, Tero and Laine, Samuli and Aila, Timo},
  booktitle = {Proceedings of the IEEE/CVF conference on computer vision and pattern recognition},
  pages     = {4401--4410},
  year      = {2019}
}

@inproceedings{Karras2019stylegan2,
  title     = {Analyzing and Improving the Image Quality of {StyleGAN}},
  author    = {Tero Karras and Samuli Laine and Miika Aittala and Janne Hellsten and Jaakko Lehtinen and Timo Aila},
  booktitle = {Proc. CVPR},
  year      = {2020}
}

@article{kong2021fast,
  title   = {On fast sampling of diffusion probabilistic models},
  author  = {Kong, Zhifeng and Ping, Wei},
  journal = {arXiv preprint arXiv:2106.00132},
  year    = {2021}
}

@article{lu2022dpm,
  title   = {Dpm-solver: A fast ode solver for diffusion probabilistic model sampling in around 10 steps},
  author  = {Lu, Cheng and Zhou, Yuhao and Bao, Fan and Chen, Jianfei and Li, Chongxuan and Zhu, Jun},
  journal = {arXiv preprint arXiv:2206.00927},
  year    = {2022}
}

@article{lu2022dpm_plus,
  title   = {Dpm-solver++: Fast solver for guided sampling of diffusion probabilistic models},
  author  = {Lu, Cheng and Zhou, Yuhao and Bao, Fan and Chen, Jianfei and Li, Chongxuan and Zhu, Jun},
  journal = {arXiv preprint arXiv:2211.01095},
  year    = {2022}
}

@article{hoogeboom2022blurring,
  title   = {Blurring diffusion models},
  author  = {Hoogeboom, Emiel and Salimans, Tim},
  journal = {arXiv preprint arXiv:2209.05557},
  year    = {2022}
}

@article{daras2022soft,
  title   = {Soft diffusion: Score matching for general corruptions},
  author  = {Daras, Giannis and Delbracio, Mauricio and Talebi, Hossein and Dimakis, Alexandros G and Milanfar, Peyman},
  journal = {arXiv preprint arXiv:2209.05442},
  year    = {2022}
}

@article{alayrac2022flamingo,
  title   = {Flamingo: a visual language model for few-shot learning},
  author  = {Alayrac, Jean-Baptiste and Donahue, Jeff and Luc, Pauline and Miech, Antoine and Barr, Iain and Hasson, Yana and Lenc, Karel and Mensch, Arthur and Millican, Katherine and Reynolds, Malcolm and others},
  journal = {Advances in Neural Information Processing Systems},
  volume  = {35},
  pages   = {23716--23736},
  year    = {2022}
}

@inproceedings{ramesh2021zero,
  title        = {Zero-shot text-to-image generation},
  author       = {Ramesh, Aditya and Pavlov, Mikhail and Goh, Gabriel and Gray, Scott and Voss, Chelsea and Radford, Alec and Chen, Mark and Sutskever, Ilya},
  booktitle    = {International Conference on Machine Learning},
  pages        = {8821--8831},
  year         = {2021},
  organization = {PMLR}
}

@article{saharia2022photorealistic,
  title   = {Photorealistic text-to-image diffusion models with deep language understanding},
  author  = {Saharia, Chitwan and Chan, William and Saxena, Saurabh and Li, Lala and Whang, Jay and Denton, Emily L and Ghasemipour, Kamyar and Gontijo Lopes, Raphael and Karagol Ayan, Burcu and Salimans, Tim and others},
  journal = {Advances in Neural Information Processing Systems},
  volume  = {35},
  pages   = {36479--36494},
  year    = {2022}
}

@article{raffel2020exploring,
  title     = {Exploring the limits of transfer learning with a unified text-to-text transformer},
  author    = {Raffel, Colin and Shazeer, Noam and Roberts, Adam and Lee, Katherine and Narang, Sharan and Matena, Michael and Zhou, Yanqi and Li, Wei and Liu, Peter J},
  journal   = {The Journal of Machine Learning Research},
  volume    = {21},
  number    = {1},
  pages     = {5485--5551},
  year      = {2020},
  publisher = {JMLRORG}
}

@article{brown2020language,
  title   = {Language models are few-shot learners},
  author  = {Brown, Tom and Mann, Benjamin and Ryder, Nick and Subbiah, Melanie and Kaplan, Jared D and Dhariwal, Prafulla and Neelakantan, Arvind and Shyam, Pranav and Sastry, Girish and Askell, Amanda and others},
  journal = {Advances in neural information processing systems},
  volume  = {33},
  pages   = {1877--1901},
  year    = {2020}
}

@article{mittal2021symbolic,
  title   = {Symbolic music generation with diffusion models},
  author  = {Mittal, Gautam and Engel, Jesse and Hawthorne, Curtis and Simon, Ian},
  journal = {arXiv preprint arXiv:2103.16091},
  year    = {2021}
}

@inproceedings{pascual2023full,
  title        = {Full-band general audio synthesis with score-based diffusion},
  author       = {Pascual, Santiago and Bhattacharya, Gautam and Yeh, Chunghsin and Pons, Jordi and Serr{\`a}, Joan},
  booktitle    = {ICASSP 2023-2023 IEEE International Conference on Acoustics, Speech and Signal Processing (ICASSP)},
  pages        = {1--5},
  year         = {2023},
  organization = {IEEE}
}

@inproceedings{huang2022prodiff,
  title     = {Prodiff: Progressive fast diffusion model for high-quality text-to-speech},
  author    = {Huang, Rongjie and Zhao, Zhou and Liu, Huadai and Liu, Jinglin and Cui, Chenye and Ren, Yi},
  booktitle = {Proceedings of the 30th ACM International Conference on Multimedia},
  pages     = {2595--2605},
  year      = {2022}
}

@inproceedings{liu2022diffsinger,
  title     = {Diffsinger: Singing voice synthesis via shallow diffusion mechanism},
  author    = {Liu, Jinglin and Li, Chengxi and Ren, Yi and Chen, Feiyang and Zhao, Zhou},
  booktitle = {Proceedings of the AAAI Conference on Artificial Intelligence},
  volume    = {36},
  number    = {10},
  pages     = {11020--11028},
  year      = {2022}
}

@article{lovelace2022latent,
  title   = {Latent Diffusion for Language Generation},
  author  = {Lovelace, Justin and Kishore, Varsha and Wan, Chao and Shekhtman, Eliot and Weinberger, Kilian},
  journal = {arXiv preprint arXiv:2212.09462},
  year    = {2022}
}

@article{li2022generative,
  title   = {Generative time series forecasting with diffusion, denoise, and disentanglement},
  author  = {Li, Yan and Lu, Xinjiang and Wang, Yaqing and Dou, Dejing},
  journal = {Advances in Neural Information Processing Systems},
  volume  = {35},
  pages   = {23009--23022},
  year    = {2022}
}

@article{vignac2022digress,
  title   = {DiGress: Discrete Denoising diffusion for graph generation},
  author  = {Vignac, Clement and Krawczuk, Igor and Siraudin, Antoine and Wang, Bohan and Cevher, Volkan and Frossard, Pascal},
  journal = {arXiv preprint arXiv:2209.14734},
  year    = {2022}
}

@inproceedings{karnewar2023holodiffusion,
  title     = {HOLODIFFUSION: Training a 3D Diffusion Model Using 2D Images},
  author    = {Karnewar, Animesh and Vedaldi, Andrea and Novotny, David and Mitra, Niloy J},
  booktitle = {Proceedings of the IEEE/CVF Conference on Computer Vision and Pattern Recognition},
  pages     = {18423--18433},
  year      = {2023}
}

@article{sasaki2021unit,
  title   = {Unit-ddpm: Unpaired image translation with denoising diffusion probabilistic models},
  author  = {Sasaki, Hiroshi and Willcocks, Chris G and Breckon, Toby P},
  journal = {arXiv preprint arXiv:2104.05358},
  year    = {2021}
}

@inproceedings{rahman2023ambiguous,
  title     = {Ambiguous Medical Image Segmentation using Diffusion Models},
  author    = {Rahman, Aimon and Valanarasu, Jeya Maria Jose and Hacihaliloglu, Ilker and Patel, Vishal M},
  booktitle = {Proceedings of the IEEE/CVF Conference on Computer Vision and Pattern Recognition},
  pages     = {11536--11546},
  year      = {2023}
}

@inproceedings{yang2016craft,
  title     = {Craft objects from images},
  author    = {Yang, Bin and Yan, Junjie and Lei, Zhen and Li, Stan Z},
  booktitle = {Proceedings of the IEEE conference on computer vision and pattern recognition},
  pages     = {6043--6051},
  year      = {2016}
}

@inproceedings{gidaris2015object,
  title     = {Object detection via a multi-region and semantic segmentation-aware cnn model},
  author    = {Gidaris, Spyros and Komodakis, Nikos},
  booktitle = {Proceedings of the IEEE international conference on computer vision},
  pages     = {1134--1142},
  year      = {2015}
}

@inproceedings{cai2018cascade,
  title     = {Cascade r-cnn: Delving into high quality object detection},
  author    = {Cai, Zhaowei and Vasconcelos, Nuno},
  booktitle = {Proceedings of the IEEE conference on computer vision and pattern recognition},
  pages     = {6154--6162},
  year      = {2018}
}

@inproceedings{gidaris2019boosting,
  title     = {Boosting few-shot visual learning with self-supervision},
  author    = {Gidaris, Spyros and Bursuc, Andrei and Komodakis, Nikos and P{\'e}rez, Patrick and Cord, Matthieu},
  booktitle = {Proceedings of the IEEE/CVF international conference on computer vision},
  pages     = {8059--8068},
  year      = {2019}
}

@article{wei2021aligning,
  title   = {Aligning pretraining for detection via object-level contrastive learning},
  author  = {Wei, Fangyun and Gao, Yue and Wu, Zhirong and Hu, Han and Lin, Stephen},
  journal = {Advances in Neural Information Processing Systems},
  volume  = {34},
  pages   = {22682--22694},
  year    = {2021}
}

@inproceedings{yang2021instance,
  title     = {Instance localization for self-supervised detection pretraining},
  author    = {Yang, Ceyuan and Wu, Zhirong and Zhou, Bolei and Lin, Stephen},
  booktitle = {Proceedings of the IEEE/CVF Conference on Computer Vision and Pattern Recognition},
  pages     = {3987--3996},
  year      = {2021}
}

@misc{tuningplaybookgithub,
  author = {Varun Godbole and George E. Dahl and Justin Gilmer and Christopher J. Shallue and Zachary Nado},
  title  = {Deep Learning Tuning Playbook},
  url    = {http://github.com/google-research/tuning_playbook},
  year   = {2023},
  note   = {Version 1.0}
}

@inproceedings{jia2020fashionpedia,
  title        = {Fashionpedia: Ontology, segmentation, and an attribute localization dataset},
  author       = {Jia, Menglin and Shi, Mengyun and Sirotenko, Mikhail and Cui, Yin and Cardie, Claire and Hariharan, Bharath and Adam, Hartwig and Belongie, Serge},
  booktitle    = {Computer Vision--ECCV 2020: 16th European Conference, Glasgow, UK, August 23--28, 2020, Proceedings, Part I 16},
  pages        = {316--332},
  year         = {2020},
  organization = {Springer}
}

@article{beery2021iwildcam,
  title   = {The iwildcam 2021 competition dataset},
  author  = {Beery, Sara and Agarwal, Arushi and Cole, Elijah and Birodkar, Vighnesh},
  journal = {arXiv preprint arXiv:2105.03494},
  year    = {2021}
}

@article{pengfei2021visdrone,
  author  = {Zhu, Pengfei and Wen, Longyin and Du, Dawei and Bian, Xiao and Fan, Heng and Hu, Qinghua and Ling, Haibin},
  journal = {IEEE Transactions on Pattern Analysis and Machine Intelligence},
  title   = {Detection and Tracking Meet Drones Challenge},
  year    = {2021},
  volume  = {},
  number  = {},
  pages   = {1-1},
  doi     = {10.1109/TPAMI.2021.3119563}
}

@inproceedings{zhang2018single,
  title     = {Single-shot refinement neural network for object detection},
  author    = {Zhang, Shifeng and Wen, Longyin and Bian, Xiao and Lei, Zhen and Li, Stan Z},
  booktitle = {Proceedings of the IEEE conference on computer vision and pattern recognition},
  pages     = {4203--4212},
  year      = {2018}
}

@inproceedings{strafforello2022humans,
  title        = {Humans disagree with the {IoU} for measuring object detector localization error},
  author       = {Strafforello, Ombretta and Rajasekart, Vanathi and Kayhan, Osman S and Inel, Oana and van Gemert, Jan},
  booktitle    = {2022 IEEE International Conference on Image Processing (ICIP)},
  pages        = {1261--1265},
  year         = {2022},
  organization = {IEEE}
}

@inproceedings{zhang2020bridging,
  title     = {Bridging the gap between anchor-based and anchor-free detection via adaptive training sample selection},
  author    = {Zhang, Shifeng and Chi, Cheng and Yao, Yongqiang and Lei, Zhen and Li, Stan Z},
  booktitle = {Proceedings of the IEEE/CVF conference on computer vision and pattern recognition},
  pages     = {9759--9768},
  year      = {2020}
}

@inproceedings{tychsen2018improving,
  title     = {Improving object localization with fitness nms and bounded iou loss},
  author    = {Tychsen-Smith, Lachlan and Petersson, Lars},
  booktitle = {Proceedings of the IEEE conference on computer vision and pattern recognition},
  pages     = {6877--6885},
  year      = {2018}
}

@article{li2020generalized,
  title   = {Generalized focal loss: Learning qualified and distributed bounding boxes for dense object detection},
  author  = {Li, Xiang and Wang, Wenhai and Wu, Lijun and Chen, Shuo and Hu, Xiaolin and Li, Jun and Tang, Jinhui and Yang, Jian},
  journal = {Advances in Neural Information Processing Systems},
  volume  = {33},
  pages   = {21002--21012},
  year    = {2020}
}

@misc{meijer2013,
  author  = {Beals, Richard and Szmigielski, Jacek},
  year    = {2013},
  month   = {08},
  pages   = {},
  title   = {Meijer G–Functions: A Gentle Introduction},
  volume  = {60},
  journal = {Notices of the American Mathematical Society},
  doi     = {10.1090/notimanid1016}
}

@software{yolov5,
  title   = {YOLOv5 by Ultralytics},
  author  = {Glenn Jocher},
  year    = {2020},
  version = {7.0},
  license = {AGPL-3.0},
  url     = {https://github.com/ultralytics/yolov5},
  doi     = {10.5281/zenodo.3908559},
  orcid   = {0000-0001-5950-6979}
}

@article{micikevicius2017mixed,
  title   = {Mixed precision training},
  author  = {Micikevicius, Paulius and Narang, Sharan and Alben, Jonah and Diamos, Gregory and Elsen, Erich and Garcia, David and Ginsburg, Boris and Houston, Michael and Kuchaiev, Oleksii and Venkatesh, Ganesh and others},
  journal = {arXiv preprint arXiv:1710.03740},
  year    = {2017}
}

@article{hinton2015distilling,
  title   = {Distilling the knowledge in a neural network},
  author  = {Hinton, Geoffrey and Vinyals, Oriol and Dean, Jeff},
  journal = {arXiv preprint arXiv:1503.02531},
  year    = {2015}
}

@inproceedings{romero2015fitnets,
  author    = {Adriana Romero and
               Nicolas Ballas and
               Samira Ebrahimi Kahou and
               Antoine Chassang and
               Carlo Gatta and
               Yoshua Bengio},
  title     = {FitNets: Hints for Thin Deep Nets},
  booktitle = {In Proceedings of ICLR},
  year      = {2015}
}

@inproceedings{park2019relational,
  title     = {Relational knowledge distillation},
  author    = {Park, Wonpyo and Kim, Dongju and Lu, Yan and Cho, Minsu},
  booktitle = {Proceedings of the IEEE/CVF Conference on Computer Vision and Pattern Recognition},
  pages     = {3967--3976},
  year      = {2019}
}

@inproceedings{wang2019distilling,
  title     = {Distilling object detectors with fine-grained feature imitation},
  author    = {Wang, Tao and Yuan, Li and Zhang, Xiaopeng and Feng, Jiashi},
  booktitle = {Proceedings of the IEEE/CVF Conference on Computer Vision and Pattern Recognition},
  pages     = {4933--4942},
  year      = {2019}
}

@article{wang2018kdgan,
  title   = {Kdgan: Knowledge distillation with generative adversarial networks},
  author  = {Wang, Xiaojie and Zhang, Rui and Sun, Yu and Qi, Jianzhong},
  journal = {Advances in neural information processing systems},
  volume  = {31},
  year    = {2018}
}

@article{liu2020adaptive,
  title     = {Adaptive multi-teacher multi-level knowledge distillation},
  author    = {Liu, Yuang and Zhang, Wei and Wang, Jun},
  journal   = {Neurocomputing},
  volume    = {415},
  pages     = {106--113},
  year      = {2020},
  publisher = {Elsevier}
}

@article{wang2020gan,
  title     = {Gan-knowledge distillation for one-stage object detection},
  author    = {Wang, Wanwei and Hong, Wei and Wang, Feng and Yu, Jinke},
  journal   = {IEEE Access},
  volume    = {8},
  pages     = {60719--60727},
  year      = {2020},
  publisher = {IEEE}
}

@inproceedings{wei2018quantization,
  title     = {Quantization mimic: Towards very tiny cnn for object detection},
  author    = {Wei, Yi and Pan, Xinyu and Qin, Hongwei and Ouyang, Wanli and Yan, Junjie},
  booktitle = {Proceedings of the European conference on computer vision (ECCV)},
  pages     = {267--283},
  year      = {2018}
}

@inproceedings{chawla2021data,
  title     = {Data-free knowledge distillation for object detection},
  author    = {Chawla, Akshay and Yin, Hongxu and Molchanov, Pavlo and Alvarez, Jose},
  booktitle = {Proceedings of the IEEE/CVF Winter Conference on Applications of Computer Vision},
  pages     = {3289--3298},
  year      = {2021}
}

@inproceedings{li2017mimicking,
  title     = {Mimicking very efficient network for object detection},
  author    = {Li, Quanquan and Jin, Shengying and Yan, Junjie},
  booktitle = {Proceedings of the ieee conference on computer vision and pattern recognition},
  pages     = {6356--6364},
  year      = {2017}
}

@article{gou2021knowledge,
  title     = {Knowledge distillation: A survey},
  author    = {Gou, Jianping and Yu, Baosheng and Maybank, Stephen J and Tao, Dacheng},
  journal   = {International Journal of Computer Vision},
  volume    = {129},
  pages     = {1789--1819},
  year      = {2021},
  publisher = {Springer}
}

@inproceedings{lejeune2023xqsa,
  title={Cross-Scale Query-Support Alignment Approach for Small Object Detection in the Few-Shot Regime},
  author={Pierre, Le Jeune and Anissa, Mokraoui},
  booktitle={2023 IEEE International Conference on Image Processing (ICIP)},
  year={2023},
  organization={IEEE}
}

@inproceedings{xiong2023cd,
  title={CD-FSOD: A Benchmark For Cross-Domain Few-Shot Object Detection},
  author={Xiong, Wuti},
  booktitle={ICASSP 2023-2023 IEEE International Conference on Acoustics, Speech and Signal Processing (ICASSP)},
  pages={1--5},
  year={2023},
  organization={IEEE}
}

@article{edward2021lora,
  author       = {Edward J. Hu and
                  Yelong Shen and
                  Phillip Wallis and
                  Zeyuan Allen{-}Zhu and
                  Yuanzhi Li and
                  Shean Wang and
                  Weizhu Chen},
  title        = {LoRA: Low-Rank Adaptation of Large Language Models},
  journal      = {CoRR},
  volume       = {abs/2106.09685},
  year         = {2021},
  url          = {https://arxiv.org/abs/2106.09685},
  eprinttype    = {arXiv},
  eprint       = {2106.09685},
  timestamp    = {Tue, 29 Jun 2021 16:55:04 +0200},
  biburl       = {https://dblp.org/rec/journals/corr/abs-2106-09685.bib},
  bibsource    = {dblp computer science bibliography, https://dblp.org}
}

@article{sun2022singular,
  title={Singular Value Fine-tuning: Few-shot Segmentation requires Few-parameters Fine-tuning},
  author={Sun, Yanpeng and Chen, Qiang and He, Xiangyu and Wang, Jian and Feng, Haocheng and Han, Junyu and Ding, Errui and Cheng, Jian and Li, Zechao and Wang, Jingdong},
  year={2022},
  eprint={2206.06122},
  archivePrefix={arXiv},
  primaryClass={cs.CV}
}